1890 3240
102 118 163 182 182
247 107 648 177 :Htstontan
712 114 721 123 “

99 260 163 312 rat.
193 258 277 310 tunc
295 234 405 309 Urbis
421 232 582 308 custodiis
595 225 821 337 praepositus,¹

48 379 50 384 '
101 365 144 437 C.
165 363 364 446 Maecenas,
383 358 544 458 equestri,
563 357 622 433 sed
644 360 820 463 splendido

100 515 226 590 genere
241 506 351 571 natus,
362 485 430 570 vir,
446 485 506 558 ubi
521 512 575 560 res
590 488 743 588 vigiliam
753 489 821 562 exi·

100 633 209 714 geret,
226 609 501 694 saneexsornnii,
516 610 702 711 providens
716 635 828 714 atque.

100 719 824 837 agendisciens{srmulveroaliquidexne·

103 867 197 965 gotio
208 866 336 938 remitti
345 864 463 966 poffet,
474 842 545 937 otio
555 860 754 938 acmollitiis
765 890 827 964 pe·

104 991 258 1064 neultra
282 988 446 1065 feminam
469 987 579 1063 fluens
588 1013 692 1067 rnen
702 989 825 1068 ¹minus

103 1115 259 1214 Agrippa
277 1114 411 1191 Caesari
428 1140 540 1201 carus,
559 1112 621 1193 sed·
634 1116 747 1189 minut
761 1116 825 1189 ho·

102 1257 259 1323 notatus:
271 1239 402 1333 quippe
411 1239 497 1312 vixit
507 1239 650 1334 angusto
660 1238 760 1314 clavo
768 1266 829 1339 pe·

102 1381 433 1465 necontentuamec
446 1361 576 1434 minora
586 1361 751 1462 consequi
768 1392 828 1465 po·

104 1485 830 1590 tmfflmmmwmfflm

105 1610 829 1716 culatusestp'ersumrnamquietemaedis·

106 1741 355 1818 fimulationem
370 1738 715 1840 praecipitirconfilia
726 1740 827 1835 juve·

106 1868 172 1949 nis,
191 1885 227 1936 et
244 1868 329 1937 mira
353 1865 541 1949 celeritate,
562 1864 727 1966 nullaque
743 1889 829 1942 cum

105 1985 365 2086 perturbatione
375 2007 434 2060 aut
449 2012 566 2064 rerum
578 1991 829 2067 authominum

109 2108 264 2210 oppreffo
281 2108 430 2208 Lepido,
448 2113 597 2187 immane
615 2116 697 2192 novi
714 2141 754 2187 ac
770 2142 828 2189 re-

108 2234 287 2311 surre&uri
301 2233 382 2307 belli
397 2234 504 2307 civilis
515 2235 667 2314 restinxit
677 2239 826 2318 initium.

87 2382 89 2386 ’
110 2384 145 2438 et
160 2363 218 2436 ille
236 2359 378 2461 quidem
391 2351 480 2438 male
495 2359 728 2439 consultorum
743 2391 826 2468 poe·.

109 2515 171 2562 nas
185 2484 338 2561 exsolvit.
362 2509 529 2588 aequetur
545 2488 734 2589 praedistae
752 2492 827 2566 Cal·

109 2615 253 2710 purniae
267 2612 414 2707 Antistii,
424 2614 568 2689 Servilia
583 2595 707 2719 Lepidi
723 2625 825 2704 uxor,

109 2757 200 2840 quae
211 2742 291 2814 vivo
305 2743 375 2841 igni
389 2740 565 2830 devorato,
574 2761 825 2846 praematuram
847 2821 850 2828 ,
