1890 3240
140 94 208 149 210
350 72 693 143 HIST'ORIAE
731 69 732 73 ¹

141 204 258 276 ‘trum
283 226 413 274 numen
427 196 615 273 absentium
633 201 744 289 colat,
763 194 868 304 praa

141 334 153 366 ‘
170 327 315 401 sentium
324 326 538 425 potiusanna
549 328 686 412 metuit,
697 352 799 429 quam
810 327 862 403 se·

141 463 153 495 ⁴
172 459 289 559 quitur
311 450 416 525 fidem
424 480 434 542 ;
458 449 514 524 sed
538 479 605 551 ego
630 455 801 531 beneficio
818 482 860 532 ac
941 438 943 447 Ι

141 588 155 621 ‘
166 578 322 682 permiffu
333 597 408 669 tuo,
425 575 560 663 Caesar,
575 604 663 678 quos
673 602 754 656 ante
762 582 862 659 audi-

140 706 282 791 ‘ebam,
301 703 406 778 hodie
425 702 495 780 vidi
512 704 625 779 Deos:
640 732 706 781 nec
724 707 864 785 felicio-¹

137 840 151 873 ‘
166 861 239 910 rem
251 837 361 910 ullum
375 835 467 910 vitae
477 859 574 909 meae
591 857 650 910 aut
664 837 782 939 optavi
794 858 859 913 aut

137 965 243 1043 ‘senfi
255 963 370 1039 diem?
388 966 655 1065 impetratoque,
665 985 705 1041 ut
714 990 856 1041 manum

134 1093 860 1199 contingeret„reversusinnaviculam,fine
895 1142 900 1149 ·

132 1223 204 1315 fine
213 1225 401 1318 respestans
413 1221 604 1314 Caesarem,
615 1225 708 1324 ripae
717 1224 859 1303 suorum

130 1343 289 1450 adpulsus
307 1344 366 1418 est.
396 1343 503 1417 vietor
522 1346 679 1420 omnium
696 1350 856 1446 gentium

132 1469 855 1582 locorumque,qonosadienat‚Caesonem

131 1606 311 1715 incolumi,
334 1601 583 1702 inviolatoque,
602 1622 638 1676 et
661 1600 765 1679 semel
779 1626 854 1681 tan·

133 1735 328 1821 tummodo,
344 1759 465 1833 magna
480 1758 561 1806 cum
575 1729 675 1806 clade
689 1733 852 1822 hostium,

131 1860 253 1936 fraude
270 1880 537 1934 eorum³tentato
557 1862 726 1947 exercitu,
743 1860 781 1933 in
797 1860 852 1933 hi·

129 1989 235 2060 berna
244 1989 397 2083 legiones
409 1983 545 2059 reduxit
554 2018 563 2079 3
573 1988 778 2089 eadem,qua
786 1989 853 2090 pri·

130 2141 190 2192 ore
213 2139 315 2197 anno,
335 2109 548 2184 festinatione
573 2117 695 2185 urbem
714 2133 849 2210 petens.

126 2242 228 2317 Nihil
239 2243 384 2338 eratjam
394 2239 428 2311 in
441 2234 742 2337 Germania,quod
752 2224 893 2314 vinci'⁰⁸

128 2373 247 2475 poffet,
264 2390 399 2472 praeter
423 2386 559 2466 gentem
578 2365 849 2440 Marcomanno-

128 2527 206 2574 rum
216 2530 224 2589 ;
235 2522 323 2598 quae
336 2489 557 2567 Maroboduo
566 2488 670 2576 duce,
681 2484 793 2564 excita
801 2489 847 2564 se·

128 2622 318 2708 dibussuis,
329 2641 433 2722 atque
444 2619 646 2693 ininteriora
657 2614 841 2716 refugiens,

122 2748 289 2826 nonnos
300 2749 506 2850 Hercyniae
520 2746 620 2822 filvae
634 2767 772 2845 campos
785 2743 837 2816 in-
