1890 3240
220 118 517 186 ROMANAE
540 138 611 184 m.
633 125 675 185 11.
783 144 827 204 95

102 235 159 312 ille
169 234 278 308 vitius
288 227 450 303 consensu
458 230 628 316 omnium,
639 251 674 305 et
685 251 753 307 tam
764 233 824 308 ho·

98 362 243 441 notifico
260 361 406 435 civitatis
420 360 629 458 testimonii),
647 389 668 435 e
683 367 815 441 concio·

101 518 145 569 ne
160 487 312 569 disceffit.
335 489 391 562 hic
400 488 547 561 hominis
561 490 819 578 verecundiam,

100 621 222 723 populi
240 620 402 717 justitiam
426 622 541 699 mirari
565 621 667 700 libet:
702 624 817 722 hujus,
924 684 930 691 .

100 749 572 852 quodnonultracontendit5
594 751 716 851 piebis,
724 753 821 852 quod

99 879 346 957 diffuadentem
360 899 396 955 et
411 876 641 953 adversarium
658 879 819 954 volunta·

102 1015 144 1086 tis
159 1012 236 1086 suae
250 1037 339 1085 vero
353 1010 544 1084 testimonio
560 1007 719 1084 fraudare
730 1011 826 1087 nolu·

101 1140 139 1211 it.
174 1133 342 1237 peridem
366 1156 501 1237 tempus
519 1135 623 1213 Cotta
644 1132 825 1235 judicandi

102 1288 241 1349 munus,
272 1259 368 1363 quod
388 1263 429 1337 C.
456 1263 640 1340 Gracchus
663 1283 826 1373 mptum

103 1389 286 1466 senatuiad
302 1393 449 1492 equites,
475 1391 571 1469 Sulla
583 1393 628 1467 ab
645 1393 712 1467 illis
726 1389 769 1467 ad
779 1390 827 1467 se·

103 1541 224 1595 natum
244 1521 495 1605 transtulerant,
517 1521 710 1617 aequaliter
734 1521 825 1595 inter

103 1668 294 1742 utrumque
309 1645 465 1718 ordinem
483 1648 627 1745 partitus
642 1647 700 1719 est
731 1666 767 1719 et
777 1647 826 1720 0-

40 1848 45 1859 ,
104 1773 165 1843 tho
182 1765 332 1842 Roscius
346 1767 425 1864 lege
434 1765 490 1839 sua
501 1767 674 1866 equitibus
687 1768 725 1840 in
735 1768 827 1841 thea-

103 1921 157 1975 tro
164 1897 240 1972 loca
249 1896 404 1979 restituit.
420 1918 456 1969 at
464 1896 735 1998 Cn.Pompejus,
743 1900 829 1979 mul.

103 2031 147 2101 tis
164 2048 199 2101 et
220 2028 401 2129 praeclaris
415 2030 498 2104 viris
513 2031 552 2103 in
565 2027 601 2103 id
616 2028 747 2105 beilum
760 2029 821 2106 ad·

102 2155 231 2244 sumtis,
251 2154 489 2259 descriptoque
499 2160 536 2233 in
546 2186 665 2235 omnes
676 2161 822 2235 receffus

102 2288 203 2359 maris
221 2287 385 2386 praefidio
394 2292 547 2377 navium,
562 2291 672 2377 brevi,
690 2288 822 2365 inexsu·

105 2411 250 2513 perabili
264 2440 381 2500 manu,
396 2436 566 2491 terrarum
576 2417 695 2490 orbem
704 2416 823 2488 libera·

107 2541 172 2625 vit,
203 2538 461 2643 praedonesque
483 2570 545 2644 per
568 2544 676 2617 muita
695 2542 845 2640 proelia·

107 2669 224 2745 multis
241 2668 326 2742 locis
343 2671 463 2757 viem,
477 2672 568 2744 eirca
578 2668 736 2744 Ciliciam
747 2671 824 2747 clas·

107 2798 141 2876 se
155 2798 326 2902 adgressus
346 2799 438 2881 fudit
450 2826 491 2877 ac
503 2798 646 2902 fugavit.
674 2824 726 2891 et,
750 2829 823 2904 quo
895 2787 897 2793 ¹
