1890 3240
67 114 70 119 ’
153 137 194 201 ut
344 94 405 201 ut
418 132 440 198 s
453 132 532 197 το
546 130 687 199 utne

156 267 334 351 ceperant,
358 267 418 319 aut
440 240 669 344 deposuerant
694 239 878 330 maturius,

158 376 251 451 vires
263 369 406 450 refestae
415 366 510 443 sunt:
537 367 703 472 Pompejo
713 369 882 470 Sullaque

158 523 194 577 et
205 499 320 574 Mario
334 496 501 571 fluentem
518 497 880 601 procumbentemque

132 622 430 725 -Rempublicam
453 624 719 700 restituentibus.
739 623 907 699 -Finito¹⁷

157 749 476 849 exmaximaparte‚
494 749 553 821 nisi
566 773 635 849 qua
653 749 786 824 Nolani
797 748 883 824 belli

158 879 342 954 manebant
349 879 528 980 reliquiae,
541 876 665 954 Italico
671 877 778 964 bello,
787 879 885 978 (quo

124 1064 131 1079 f
159 1004 304 1107 quidem
318 1007 473 1081 Romani
488 1006 584 1082 vistis
600 1002 807 1107 adfliffisque
822 1004 884 1106 ipfi

133 1173 136 1178 ·
160 1113 339 1219 exarmati,
354 1157 460 1231 quam
468 1131 609 1230 integris
618 1126 792 1219 univerfia,
802 1131 885 1207 civi·

160 1279 268 1332 tatem
284 1254 366 1330 dare
375 1249 590 1344 maluerunt)
605 1258 822 1335 consulatum
834 1257 885 1335 in·

159 1384 276 1459 ierunt
306 1375 562 1480 QPompejus
576 1399 612 1455 et
632 1378 677 1456 L.
696 1380 885 1459 Cornelius

160 1509 277 1591 Sulla:
301 1508 369 1595 vir,
387 1506 449 1609 qui
462 1531 580 1608 neque
593 1505 758 1583 adfinem
777 1508 888 1583 vitto-

161 1639 234 1713 tiae
257 1635 334 1710 satis
348 1632 494 1723 laudari,
520 1661 638 1737 neque
652 1635 730 1738 post
747 1635 886 1715 vitteri-

161 1795 219 1843 am
235 1765 372 1844 abunde
384 1768 575 1868 vituperari
591 1767 713 1867 potest.
741 1767 800 1839 hic
824 1790 888 1839 na·

161 1910 219 1963 tus
241 1889 370 1963 familia
393 1890 512 1971 nobili,
536 1889 650 1960 sextus
672 1916 692 1960 a
719 1890 887 1966 cornelio

162 2010 314 2097 Rufino,
324 2011 386 2110 qui
395 2009 490 2086 bello
499 2008 625 2110 Pyrrhi
634 2013 724 2088 inter
733 2015 886 2093 celeber·

161 2139 269 2214 timos
282 2134 397 2211 fuerat
410 2134 531 2224 duces,
552 2163 633 2213 cum
643 2136 793 2216 familiae
811 2143 886 2241 ejus

161 2263 332 2341 claritudo
341 2266 523 2340 intermiffa
539 2267 631 2360 effet,
641 2265 701 2341 diu
710 2268 757 2340 ita
766 2267 801 2344 se
816 2271 885 2369 ges·

162 2394 214 2482 fit,
231 2415 271 2469 ut
285 2394 417 2469 nullam
431 2394 572 2496 petendi
595 2392 808 2471 consulatum
822 2425 883 2474 co·

163 2521 366 2619 gitationem
392 2520 521 2596 habete
538 2519 727 2598 videretur.
757 2523 883 2599 deinde

163 2648 238 2744 post
253 2669 448 2750 praeturam
465 2649 659 2745 inlustratus
680 2650 774 2725 bello
792 2649 884 2725 Itali·
916 2626 922 2633 ¹

11 2884 22 2896 ..
163 2795 221 2857 co,
242 2795 277 2847 et
286 2775 538 2857 ameinGallia
547 2777 718 2882 legatione
726 2773 787 2852 sub
803 2774 880 2853 Ma.
