1890 3240
171 153 214 232 7⁶
287 149 288 152 ‘
354 135 697 217 uisno'nmn
766 186 769 191 -

168 258 290 335 morbo
312 262 440 334 civium
463 280 554 358 pene
571 253 698 329 damno
713 248 890 359 repcnsata

167 392 234 464 est:
250 387 465 491 populusque
476 386 674 485 Romanus,
693 410 797 486 quam
807 391 891 462 vivo

168 511 378 592 iracundiam
388 509 565 604 debuerat,
580 512 615 585 in
626 536 752 613 corpus
762 518 892 590 mortui

168 640 326 715 contulit.
356 638 415 714 seu
430 639 532 727 duae,
550 639 608 714 scu
627 660 696 714 tres
712 640 891 745 Pompcjo·

167 792 245 841 rum
253 764 351 839 fuere
365 765 524 858 familiae,
547 769 677 867 primus
694 770 767 864 ejus
782 771 890 844 nomi·

169 894 235 979 nis,
260 914 339 968 ante
354 921 460 970 annos
475 892 584 968 ferme
607 918 787 969 chvm.
833 895 892 995 Q

168 1017 355 1122 Pompejus
377 1042 458 1096 cum
479 1023 544 1095 Cn.
565 1021 788 1096 servicem:
810 1017 889 1098 fuit.

171 1147 282 1220 Cinna
296 1167 333 1220 ct
355 1146 507 1232 Marius,
539 1145 632 1220 haud
646 1148 835 1222 incruentis
849 1176 891 1223 u·

169 1276 318 1369 trimque
345 1272 591 1344 certaminibus
619 1270 733 1358 editis,
767 1275 891 1347 urbem

168 1418 441 1499 occupaverunt:
462 1395 797 1498 sedprioringrcffuc
811 1402 892 1477 Cin·

168 1544 226 1614 na,
256 1525 300 1600 de
319 1524 517 1629 recipiendo
531 1526 651 1602 Mario
669 1525 784 1628 legem
798 1528 891 1604 tulit.

170 1656 263 1731 Mox
281 1657 321 1732 C.
340 1656 491 1744 Marius,
512 1653 672 1758 pestifero
688 1654 821 1731 civibus
832 1653 919 1730 'su-²²

169 1789 200 1862 is
215 1785 329 1863 reditu
339 1788 477 1862 intravit
487 1788 631 1861 moenia.
659 1783 744 1857 nihil
756 1783 813 1854 illa
822 1784 890 1856 vic-

171 1915 257 1984 toria
273 1910 384 1983 fuiss'et
399 1876 588 1993 crudeliui,
608 1908 668 1978 nifi
683 1926 764 1977 mox
782 1906 892 1982 Sulla·

169 2061 215 2109 na
230 2033 311 2104 esset
325 2014 450 2104 ¹secuta.
480 2053 597 2130 neque
609 2028 747 2103 licentia
765 2031 801 2103 in
816 2057 892 2106 me-

171 2153 305 2230 diocres
323 2152 501 2238 saevitum,
524 2150 796 2228 sedexcelfiffimi
808 2181 892 2255 quo-

171 2308 241 2385 que
261 2303 366 2383 atque
393 2278 640 2354 eminentiffimi
662 2266 890 2358 civitatis'viri

171 2412 272 2488 variis
291 2407 533 2510 suppliciorum
550 2409 735 2509 generibus
750 2408 884 2496 adfesti,

170 2543 261 2615 iniis
284 2540 366 2612 Cos.
396 2536 560 2611 Oiiavius
578 2539 632 2612 vir
655 2537 807 2614 leniffimi
822 2540 890 2612 ani·

172 2671 233 2753 mi,
250 2671 340 2768 jussu
359 2668 491 2742 Cinnae
511 2649 707 2744 interfecius
722 2668 779 2741 est.
810 2665 890 2740 Me-

174 2794 248 2867 rula
263 2819 392 2882 autem,
411 2796 473 2895 qui
486 2791 520 2868 sc
531 2792 590 2868 sub
605 2794 792 2881 adventum
808 2792 887 2869 Cin·
