1890 3240
168 129 262 196 152·
304 187 308 196 ,
368 101 712 203 Ηῐετ-οΜΑΕ

161 233 257 331 pejor
266 224 380 302 illi-res
389 223 561 298 familiaris
572 247 675 322 quam
684 246 780 295 mens
791 216 908 316 erat)

160 357 195 430 in
207 374 541 456 praeturanovarum
560 348 754 423 tabularum
764 353 908 434 auster*

161 483 285 556 extitit:
306 457 509 575 nequiitque'
529 473 663 550 senatus
685 497 720 550 et
736 479 890 550 aullori-

160 627 229 678 tate
245 606 359 677 Coss.
371 600 549 685 deterreri,
566 603 676 675 accito
687 605 789 676 etiam
806 602 880 676 Mi„

158 733 240 810 lone
251 731 382 815 Annio,
394 731 455 829 qui
470 755 539 801 non
555 730 737 829 impetrato
751 730 881 817 rodim,

160 860 309 957 Julianis
319 858 472 960 partibus
487 855 626 931 infestus
642 879 726 945 erat,
746 861 781 931 in
792 861 883 934 urbe

160 984 373 1070 seditionem,
392 979 485 1056 haud
503 985 608 1082 magis
629 981 766 1056 occulte
778 982 885 1056 belli*

160 1109 444 1210 cumtumultum
455 1134 609 1200 movens,
617 1110 728 1208 primo
739 1105 882 1180 summo·

159 1257 216 1306 tus
232 1233 250 1304 ὲ
265 1233 453 1329 republica,
474 1259 556 1304 mox
578 1234 812 1337 consularibus
832 1260 882 1309 ar·

157 1358 236 1440 mis,
252 1358 388 1428 aullore
403 1351 532 1456 senatu,
547 1355 638 1428 circa
648 1358 807 1447 Thurios
818 1386 885 1461 ¹op-¹

157 1482 285 1585 prellus
301 1482 358 1554 est.
386 1483 523 1581 incepto
535 1480 608 1581 pari
618 1481 731 1555 fimilis
739 1480 882 1559 fortuna

161 1608 307 1684 Milonis
322 1603 405 1696 fuit;
429 1607 490 1708 qui
505 1603 688 1706 Compsam
702 1607 739 1680 in
755 1606 880 1710 Hirpi·

158 1739 211 1810 nis
226 1758 441 1836 oppugnans,
452 1728 603 1833 illusque
612 1730 738 1834 lapide,
749 1753 824 1806 turn
838 1731 879 1808 P.

159 1856 296 1939 Clodio,
314 1877 387 1936 tum
399 1858 539 1954 patriae,
551 1881 654 1955 quam
665 1858 766 1930 armis
779 1875 880 1957 pete·

157 1981 228 2062 bat,
245 1995 372 2077 poenas
383 1975 495 2068 dedit5
509 1980 562 2052 vir
576 1982 722 2081 inquies,
738 2002 772 2054 et
787 1981 880 2056 ultra

152 2099 280 2183 fortem
291 2105 503 2175 temerarius,
519 2110 881 2204 quatenusautemali·

136 2308 139 2313 Α
158 2225 243 2330 quid
259 2253 302 2300 ex
317 2222 438 2299 omiffis
452 2249 547 2327 peto,
559 2248 698 2300 notetur
713 2230 876 2306 immodi-

158 2355 490 2456 caetintempestiva
508 2353 664 2430 libertate
673 2355 748 2431 usos
759 2358 878 2436 adver·

158 2480 214 2554 sus
230 2482 272 2553 C.
285 2479 474 2567 Caesarem,
488 2481 682 2558 Marullum
699 2485 876 2588 Epidium,

159 2605 380 2710 Flauumque
400 2608 594 2685 Caesetium
610 2611 685 2686 trib.
715 2612 760 2713 pl.
790 2610 876 2687 dum

158 2755 306 2831 arguunt
321 2736 357 2810 in
372 2763 414 2810 eo
430 2739 525 2839 regni
540 2736 766 2822 voluntatem,
781 2760 875 2836 pene
