1890 3240
126 102 191 185 176
315 96 661 168 HISTORIAE

122 248 196 309 cer,
204 246 286 298 cum
295 246 415 297 recens
422 217 611 319 transfuga,
619 217 727 311 multa
736 247 777 298 ac
787 248 847 302 ne·
866 320 872 328 Ι

121 349 225 427 fanda
240 349 389 426 Plancus
402 347 530 425 absenti
541 347 738 424 Antonioin
751 349 844 428 sena·

121 499 161 555 tn
175 477 355 576 objiceret:
390 481 402 513 ‘
419 477 554 565 Multa,
571 479 696 580 inquit,
709 483 842 560 meher-

120 613 133 647 ‘
149 606 246 684 cules
260 603 344 681 fecit
352 605 540 695 Antonius,
550 607 673 709 pridie,
685 635 789 714 quam
799 634 839 689 tu

119 734 245 809 ‘illum
256 735 493 834 relinquerer?
510 726 866 820 caesaredeindeet⁸⁴

115 861 276 941 Messalla
302 864 597 964 Corvino'Cosa.
621 861 838 947 debellatum
864 952 871 967 ‚

114 991 209 1094 apud
218 991 373 1085 Aiiium3
387 990 447 1067 ubi
456 992 560 1092 longe
573 1013 653 1069 ante
665 1019 771 1096 quam
781 994 836 1073 di·

66 1116 68 1119 ’
112 1119 312 1205 micaretur,
331 1115 595 1220 exploratiffima
615 1119 835 1218 Julia‘narum

112 1248 260 1346 partium
283 1243 350 1318 suit
374 1246 533 1321 victoria:
551 1246 692 1346 vigebat
708 1250 745 1324 in
766 1249 835 1324 hac

85 1437 89 1442 .
110 1390 209 1471 parte
224 1366 321 1443 miles
334 1386 437 1467 atque
450 1367 649 1468 imperator,
668 1369 726 1441 ilia
741 1395 833 1448 mar·

107 1498 233 1573 cebant
241 1490 355 1575 omnia
364 1498 378 1590 ;'
386 1495 469 1570 hinc
479 1496 626 1594 remiges
639 1491 829 1593 firmiffimi,

3 1727 5 1731 Ι
105 1627 202 1702 illinc
215 1629 329 1730 inopia
344 1622 566 1718 adfesiiffirni3
583 1625 724 1700 navium
739 1626 827 1702 haec

104 1751 308 1856 magnitudo
318 1751 454 1832 modica
466 1781 549 1832 cum
559 1753 751 1844 celeritate5
765 1750 826 1827 ad·

102 1880 198 1954 versa
221 1882 293 1966 illa,
316 1883 429 1981 specie
452 1884 639 1957 terribilior
646 1914 656 1974 ;
673 1884 753 1957 hinc
777 1882 825 1959 ad

99 2003 295 2080 Antonium
317 2031 432 2092 nemo,
447 2006 548 2103 illinc
572 2007 617 2082 ad
641 2010 824 2087 Caesarem
863 1999 865 2003 ⁷

100 2124 823 2233 quotidiealiquitransfugiebant.denique

99 2256 136 2331 in
153 2281 212 2330 ore
230 2277 333 2357 atque
350 2253 460 2328 oculis
476 2251 693 2328 Anionianae
710 2256 819 2336 claffia

100 2411 164 2490 per
177 2384 232 2460 Μ.
249 2383 437 2485 Agrippam
456 2381 593 2457 Leucas
607 2407 818 2487 expugnata,

101 2513 223 2591 Patrae
231 2535 365 2615 captae,
376 2512 564 2586 Corinthus
573 2535 756 2616 occupata,
766 2519 816 2592 bis

99 2663 180 2715 ante
190 2638 349 2716 ultimum
364 2632 542 2714 discrimen
551 2638 657 2715 classrs
668 2642 812 2716 hostium

99 2760 265 2863 superata.
294 2791 357 2841 rex
370 2765 542 2864 Amyntas
558 2766 699 2842 meliora
722 2783 758 2838 et
772 2791 807 2840 u·
