1890 3240
229 7 534 75 ROMANAE
559 6 634 73 Lrn.
660 14 704 75 11.
784 32 845 99 133

127 131 160 205 ei
173 124 366 205 {militibus
376 125 570 205 deferretur
580 131 777 229 imperium,
789 134 848 207 ho·

96 252 557 359 55uoratioripareremaluit.
587 255 848 359 Admonetpru

123 381 237 456 missae
260 382 437 456 brevitatis
454 378 554 467 fides,
575 403 708 484 quanto
730 385 845 457 omnia

124 503 316 582 transcursu
325 504 470 583 dicenda
479 508 554 581 fint.
584 505 845 608 sequensfortu·

122 657 203 707 nam
219 629 314 706 suam
334 632 480 720 Caesar,
500 638 680 735 perveslus
695 638 731 708 in
748 634 843 709 Afri·

122 782 211 844 cam,
218 785 326 860 quam
332 758 445 834 occiso
453 759 620 845 Curione,
628 760 846 856 Julianarum

121 882 213 986 duce
236 887 399 983 partium,
418 880 623 984 Pompeiani
642 884 845 991 obtinebam

121 1009 310 1094 exercitus,
320 1007 367 1082 ibi
375 1010 590 1112 primovaria
600 1006 773 1085 fortunam
783 1038 844 1085 ex·

118 1134 622 1237 pugnavitvia‚iuclinataeque
631 1138 778 1211 hostium
788 1162 844 1210 co·

119 1260 208 1362 piae.
231 1284 298 1336 nec
311 1258 473 1337 disimilis
482 1260 529 1335 ibi
545 1260 705 1338 adversus
720 1265 840 1349 villos,

119 1412 224 1488 quam
233 1388 271 1459 in
279 1389 425 1485 priores,
435 1386 620 1459 clementia
630 1386 782 1458 Caesaris
791 1385 842 1459 su·

118 1508 157 1583 it.
174 1508 340 1583 visiorem
349 1503 503 1580 Africani
512 1505 594 1579 belli
606 1507 650 1579 C.
662 1506 842 1580 Caesarem

117 1632 258 1732 gravius
271 1629 411 1728 excepit
427 1626 652 1727 Hispaniense
662 1630 758 1726 (nam
773 1630 842 1703 iic·

119 1779 176 1833 tus
185 1758 229 1831 ab
239 1781 283 1830 eo
291 1752 486 1829 Pharnaces
494 1754 553 1828 vix
567 1751 756 1855 quidquam
770 1755 842 1854 glo*

119 1883 191 1958 riae
205 1884 278 1980 ejus
291 1870 487 1970 adstruxit)
497 1878 593 1982 quod
608 1880 674 1954 Cn.
686 1879 841 1984 Pompei·

118 2030 160 2083 us
168 2006 293 2107 Magni
307 2003 413 2092 filius,
424 2002 619 2080 adolescens
632 2006 781 2107 impetus
795 2003 840 2079 ad

117 2131 209 2207 bella
229 2132 385 2217 maximi,
399 2133 520 2230 iugens
534 2156 574 2205 ac
589 2131 740 2204 terribile
755 2155 838 2201 con÷

119 2255 282 2330 flaverata
298 2255 454 2358 undique
463 2254 507 2330 ad
516 2282 598 2330 eum
608 2253 722 2328 adhuc
733 2275 841 2355 pater·

119 2383 155 2457 ni
172 2381 320 2455 nominis
327 2379 600 2479 magnitudinem
609 2380 839 2480 sequentium,

118 2535 165 2584 ex
179 2528 253 2583 toto
266 2505 353 2581 or’ne
366 2524 536 2579 terrarum
555 2507 689 2583 auxiliis
708 2505 838 2582 conflu-

120 2633 270 2711 entibus.
297 2628 358 2725 sua
384 2628 564 2819 callum
584 2632 621 2705 iu
637 2630 838 2740 Hispaniam

506 2772 526 2825 2
