1890 3240
252 183 551 253 rourunu
587 182 662 247 un.
694 184 735 246 11.
806 194 867 263 ιη

146 337 196 395 or,
216 334 323 411 quam
339 306 477 380 consilio
494 302 717 405 prudentior:
744 304 868 377 intem·

145 440 274 542 pestive
287 436 525 539 principalium
539 461 714 509 armorum
729 434 868 511 arbitria

144 588 301 666 captans,
310 564 436 666 quibus
447 566 470 639 ii
485 562 518 637 se
529 562 657 638 debent
673 567 868 668 interpone·

145 721 196 780 re,
205 697 267 796 qui
279 721 348 769 non
357 715 535 796 parentem
544 703 706 769 coercere
716 697 866 798 poliunt.

146 823 317 897 exercitus
329 822 467 916 deinde,
477 825 538 921 qui
554 823 614 895 sub
629 822 775 898 Afranio
788 852 868 902 con·-

143 954 244 1028 sulari
258 982 299 1028 ac
315 955 454 1029 Petreio
469 944 642 1053 praetorio
657 949 782 1041 fuerat,
797 957 869 1058 ipfi.

144 1108 187 1156 us
197 1081 368 1156 adventus
383 1084 502 1182 vigore
517 1107 557 1155 ac
572 1080 709 1181 fulgore
725 1108 871 1188 occupa·

146 1234 213 1305 tus,
224 1212 257 1287 se
269 1213 403 1288 Caesari
415 1212 553 1287 tradidit
562 1245 571 1305 3
583 1235 730 1315 uterque
745 1217 871 1317 legato·

145 1368 236 1429 rum,
247 1363 282 1416 et
297 1340 450 1444 quisquis
458 1340 624 1442 cujusque
634 1341 762 1417 ordinis
772 1343 869 1448 sequi

146 1497 205 1546 eos
236 1473 408 1559 voluerat,
440 1474 560 1546 remiffi
589 1472 633 1544 ad
652 1471 868 1572 Pompeium.

118 1591 131 1637 5
138 1591 422 1687 ¹Proximoanno,
430 1622 512 1670 cum
524 1596 759 1694 Dyrrachium
770 1596 875 1673 aevi·¹

147 1722 267 1794 cinaei
283 1720 360 1791 urbi
375 1720 471 1816 regio
481 1720 596 1792 castris
607 1718 763 1817 Pompeii
778 1744 872 1796 tene·

148 1868 245 1924 retur
257 1838 333 1947 (qui
351 1845 468 1919 aoeitis
479 1846 693 1920 exomnibus
711 1847 872 1923 transma-

149 1980 231 2051 rinis
243 1979 429 2078 prouinciis
443 1975 649 2075 legionibus,
665 1982 870 2080 equitumac

148 2104 305 2207 peditum
316 2105 681 2207 auxiliis‚regumque,
690 2112 872 2182 tetrarcha·

151 2262 241 2328 tum,
257 2237 425 2339 fimulque
439 2234 659 2336 dynastarum
673 2237 793 2336 copiis,
808 2236 872 2308 im-

151 2388 287 2447 manem
302 2364 492 2438 exereitum
507 2356 719 2447 confecerat,
734 2382 769 2433 et
778 2387 874 2434 mate

153 2485 324 2592 praesidiis
332 2487 479 2562 elaffium
484 2508 545 2577 ,ut
555 2489 707 2574 rebatur,
716 2487 872 2586 sepserat,

157 2645 228 2720 quo
238 2616 353 2691 minua
363 2614 485 2691 caesar
492 2616 646 2713 legiones
660 2613 874 2713 poiletrrans·

166 2739 313 2839 uittere)
330 2744 626 2827 suaetceleritate,
636 2763 672 2815 et
682 2737 819 2817 fortuna
831 2746 872 2823 C.

173 2875 283 2975 :arur
295 2874 389 2965 uiua,
403 2873 536 2952 nihilin
549 2899 645 2950 mora
655 2871 786 2969 habuit,
804 2900 877 2979 quo
