1890 3240
241 121 710 192 nortmannum.
797 132 840 209 8?

119 254 313 339 rumpente,
332 232 526 306 occubuiffe
538 232 759 334 prodiderint.
789 261 841 314 ut·

116 388 271 462 cumque
281 358 419 446 cecidit,
438 358 613 461 hodieque
629 383 720 436 tanta
734 367 840 464 patris

118 489 268 586 imagine
279 513 349 560 non
362 486 560 562 obscuratur
574 491 647 588 ejus
662 494 838 569 memoria.

119 614 164 689 de
175 643 246 716 quo
253 614 479 718 juvenequid
497 617 738 694 existimaverit
758 621 840 695 Sul·

117 748 164 833 la,
179 750 214 820 in
224 769 362 849 promtu
372 749 433 824 est.
463 746 574 822 occiso
588 750 680 823 enim
694 748 836 850 demum
920 752 922 757 ’

66 976 73 985 .
119 904 175 963 eo,
192 877 319 953 Felicis
333 879 643 953 nomenadsumlit:
659 878 755 980 quod
772 883 844 979 qui·
894 961 897 968 .

98 1003 202 1079 -rlem
224 1006 408 1121 usurpasset
424 1006 610 1104 justiffine,
642 1007 846 1085 sreumdem

118 1153 156 1204 et
174 1130 335 1205 vincendi
344 1154 381 1206 et
390 1133 531 1208 vivendi
545 1133 651 1209 finem
666 1134 844 1212 habuisset.

119 1244 369 1362 oppugnationi
379 1286 495 1338 autem
507 1264 699 1340 Praenestis
709 1290 750 1339 ac
769 1265 847 1340 Ma·
928 1366 930 1371 Ι

118 1391 163 1464 rii
188 1389 383 1490 praefuerat
408 1391 526 1471 Ofella
543 1395 744 1485 Lucretium
784 1393 847 1493 qui

98 1530 101 1537 '
122 1541 204 1589 cum
218 1539 298 1590 ante
310 1516 548 1593 Marianarum
561 1517 673 1591 fuillet
683 1520 845 1616 partium,

120 1666 261 1746 praetor
277 1644 322 1719 ad
337 1648 471 1720 Sullam
487 1645 729 1744 transfugerat.
768 1645 846 1719 feli-

123 1769 264 1845 citatem
280 1769 361 1857 diei,
392 1781 471 1874 quo‘
487 1774 690 1848 Samnitium
712 1772 848 1845 Telest-

125 1904 233 2004 nique
244 1901 359 2006 pulsus
369 1906 418 1978 est
427 1905 613 1991 exercitus,
627 1903 721 1978 Sulla
729 1926 849 2006 perpe·

127 2030 358 2109 tualudorum
370 2033 580 2107 Circensium
588 2032 848 2107 honoravitme·

127 2161 249 2247 moria,
275 2161 403 2262 quibus
427 2163 494 2236 fine
520 2163 659 2236 nomine
683 2161 847 2234 Sullanae

98 2275 289 2365 ”victoriae
316 2291 544 2365 celebrantur.
614 2288 737 2362 Paullo
768 2303 848 2358 ante

128 2439 235 2515 quam
244 2415 338 2489 Sulla
346 2416 390 2489 ad
408 2418 642 2518 Sacriportum
655 2413 847 2499 dimicaret,

129 2534 322 2638 magnificia
348 2541 486 2638 proeliis
511 2544 658 2642 partium
683 2540 755 2646 ejus
786 2539 851 2616 viri

130 2664 665 2742 hostiumexercitumfuderant:
692 2663 762 2738 duo
778 2666 851 2741 Ser·

131 2798 205 2872 villi
218 2794 311 2900 apud
327 2794 494 2880 Clustum,
532 2791 701 2870 Metellus
716 2791 798 2869 Piur
811 2821 850 2869 a·
