<?xml version="1.0" encoding="UTF-8"?>
<!DOCTYPE html PUBLIC "-//W3C//DTD XHTML 1.0 Transitional//EN"
    "http://www.w3.org/TR/xhtml1/DTD/xhtml1-transitional.dtd">
<html xmlns="http://www.w3.org/1999/xhtml" xml:lang="en" lang="en">
 <head>
  <title>
</title>
<meta http-equiv="Content-Type" content="text/html;charset=utf-8" />
  <meta name='ocr-system' content='tesseract 3.04.00' />
  <meta name='ocr-capabilities' content='ocr_page ocr_carea ocr_par ocr_line ocrx_word'/>
</head>
<body>
  <div class='ocr_page' id='page_1' title='image "./quaesupersuntex00pategoog_0195.png"; bbox 0 0 1890 3240; ppageno 0'>
   <div class='ocr_carea' id='block_1_1' title="bbox 150 68 919 2825">
    <p class='ocr_par' dir='ltr' id='par_1_1' title="bbox 150 68 919 2825">
     <span class='ocr_line' id='line_1_1' title="bbox 167 68 908 144; baseline -0.008 -3"><span class='ocrx_word' id='word_1_1' title='bbox 167 77 228 144; x_wconf 81' lang='lat'>188</span> <span class='ocrx_word' id='word_1_2' title='bbox 378 68 736 139; x_wconf 59' lang='lat' dir='ltr'>HIS-TOer&#39;AE*</span> <span class='ocrx_word' id='word_1_3' title='bbox 775 72 826 139; x_wconf 79' lang='lat'>‘,</span> <span class='ocrx_word' id='word_1_4' title='bbox 904 92 908 97; x_wconf 87' lang='lat'><em>·</em></span> 
     </span>
     <span class='ocr_line' id='line_1_2' title="bbox 168 183 888 295; baseline -0.001 -21"><span class='ocrx_word' id='word_1_5' title='bbox 168 215 277 290; x_wconf 85' lang='lat' dir='ltr'>xerat,</span> <span class='ocrx_word' id='word_1_6' title='bbox 287 196 324 269; x_wconf 90' lang='lat' dir='ltr'>in</span> <span class='ocrx_word' id='word_1_7' title='bbox 339 214 472 269; x_wconf 78' lang='lat' dir='ltr'>tantum</span> <span class='ocrx_word' id='word_1_8' title='bbox 486 190 639 293; x_wconf 86' lang='lat' dir='ltr'>quidem,</span> <span class='ocrx_word' id='word_1_9' title='bbox 649 211 689 268; x_wconf 89' lang='lat' dir='ltr'>ut</span> <span class='ocrx_word' id='word_1_10' title='bbox 703 192 736 266; x_wconf 90' lang='lat' dir='ltr'>ei</span> <span class='ocrx_word' id='word_1_11' title='bbox 751 183 888 295; x_wconf 33' lang='lat' dir='ltr'>praeta*</span> 
     </span>
     <span class='ocr_line' id='line_1_3' title="bbox 171 320 897 418; baseline -0.003 -17"><span class='ocrx_word' id='word_1_12' title='bbox 171 320 897 418; x_wconf 83' lang='lat' dir='ltr'>rarucontinuaret,moxetiamconsulatum·</span> 
     </span>
     <span class='ocr_line' id='line_1_4' title="bbox 150 447 888 560; baseline -0.003 -33"><span class='ocrx_word' id='word_1_13' title='bbox 150 509 154 513; x_wconf 58' lang='lat'><strong>.</strong></span> <span class='ocrx_word' id='word_1_14' title='bbox 168 477 287 560; x_wconf 84' lang='lat' dir='ltr'>petere</span> <span class='ocrx_word' id='word_1_15' title='bbox 298 447 417 542; x_wconf 80' lang='lat' dir='ltr'>ausus3</span> <span class='ocrx_word' id='word_1_16' title='bbox 440 474 522 522; x_wconf 89' lang='lat' dir='ltr'>cum</span> <span class='ocrx_word' id='word_1_17' title='bbox 537 450 619 524; x_wconf 79' lang='lat' dir='ltr'>effet</span> <span class='ocrx_word' id='word_1_18' title='bbox 633 453 729 527; x_wconf 85' lang='lat' dir='ltr'>omui</span> <span class='ocrx_word' id='word_1_19' title='bbox 743 449 888 549; x_wconf 84' lang='lat' dir='ltr'>flagitio·</span> 
     </span>
     <span class='ocr_line' id='line_1_5' title="bbox 167 575 886 677; baseline -0.004 -22"><span class='ocrx_word' id='word_1_20' title='bbox 167 605 244 656; x_wconf 85' lang='lat' dir='ltr'>rum</span> <span class='ocrx_word' id='word_1_21' title='bbox 260 575 498 677; x_wconf 82' lang='lat' dir='ltr'>scelerumque</span> <span class='ocrx_word' id='word_1_22' title='bbox 512 576 727 661; x_wconf 80' lang='lat' dir='ltr'>conscientia·</span> <span class='ocrx_word' id='word_1_23' title='bbox 736 575 886 674; x_wconf 67' lang='lat' dir='ltr'>mersusa</span> 
     </span>
     <span class='ocr_line' id='line_1_6' title="bbox 168 702 889 805; baseline -0.001 -24"><span class='ocrx_word' id='word_1_24' title='bbox 168 732 236 781; x_wconf 86' lang='lat' dir='ltr'>nee</span> <span class='ocrx_word' id='word_1_25' title='bbox 246 704 487 779; x_wconf 85' lang='lat' dir='ltr'>meliorillires</span> <span class='ocrx_word' id='word_1_26' title='bbox 495 702 670 789; x_wconf 85' lang='lat' dir='ltr'>familiaris</span> <span class='ocrx_word' id='word_1_27' title='bbox 676 726 784 805; x_wconf 80' lang='lat' dir='ltr'>quam</span> <span class='ocrx_word' id='word_1_28' title='bbox 791 729 889 787; x_wconf 80' lang='lat' dir='ltr'>mens</span> 
     </span>
     <span class='ocr_line' id='line_1_7' title="bbox 170 831 891 935; baseline -0.006 -26"><span class='ocrx_word' id='word_1_29' title='bbox 170 833 263 910; x_wconf 89' lang='lat' dir='ltr'>foret</span> <span class='ocrx_word' id='word_1_30' title='bbox 271 867 281 928; x_wconf 73' lang='lat'>5</span> <span class='ocrx_word' id='word_1_31' title='bbox 296 832 487 935; x_wconf 85' lang='lat' dir='ltr'>adgregatis</span> <span class='ocrx_word' id='word_1_32' title='bbox 504 831 673 917; x_wconf 74' lang='lat' dir='ltr'>simillimis</span> <span class='ocrx_word' id='word_1_33' title='bbox 688 831 759 916; x_wconf 83' lang='lat' dir='ltr'>fibi,</span> <span class='ocrx_word' id='word_1_34' title='bbox 773 831 891 905; x_wconf 85' lang='lat' dir='ltr'>interi·</span> 
     </span>
     <span class='ocr_line' id='line_1_8' title="bbox 166 940 893 1062; baseline -0.011 -22"><span class='ocrx_word' id='word_1_35' title='bbox 166 992 268 1040; x_wconf 84' lang='lat' dir='ltr'>-mere</span> <span class='ocrx_word' id='word_1_36' title='bbox 278 963 457 1038; x_wconf 84' lang='lat' dir='ltr'>Caesarem</span> <span class='ocrx_word' id='word_1_37' title='bbox 466 963 594 1048; x_wconf 90' lang='lat' dir='ltr'>statuit,</span> <span class='ocrx_word' id='word_1_38' title='bbox 603 982 642 1035; x_wconf 90' lang='lat' dir='ltr'>ut</span> <span class='ocrx_word' id='word_1_39' title='bbox 651 985 721 1062; x_wconf 90' lang='lat' dir='ltr'>quo</span> <span class='ocrx_word' id='word_1_40' title='bbox 731 955 823 1032; x_wconf 86' lang='lat' dir='ltr'>salvo</span> <span class='ocrx_word' id='word_1_41' title='bbox 834 940 893 1032; x_wconf 73' lang='lat' dir='ltr'>sal&#39;-</span> 
     </span>
     <span class='ocr_line' id='line_1_9' title="bbox 171 1086 894 1193; baseline -0.012 -26"><span class='ocrx_word' id='word_1_42' title='bbox 171 1116 238 1170; x_wconf 91' lang='lat' dir='ltr'>vus</span> <span class='ocrx_word' id='word_1_43' title='bbox 254 1094 319 1168; x_wconf 75' lang='lat' dir='ltr'>effe</span> <span class='ocrx_word' id='word_1_44' title='bbox 332 1116 403 1166; x_wconf 85' lang='lat' dir='ltr'>non</span> <span class='ocrx_word' id='word_1_45' title='bbox 416 1109 565 1193; x_wconf 79' lang='lat' dir='ltr'>poterat,</span> <span class='ocrx_word' id='word_1_46' title='bbox 581 1113 624 1161; x_wconf 93' lang='lat' dir='ltr'>eo</span> <span class='ocrx_word' id='word_1_47' title='bbox 638 1086 769 1161; x_wconf 87' lang='lat' dir='ltr'>sublato</span> <span class='ocrx_word' id='word_1_48' title='bbox 784 1108 894 1159; x_wconf 87' lang='lat' dir='ltr'>more·</span> 
     </span>
     <span class='ocr_line' id='line_1_10' title="bbox 167 1213 894 1314; baseline -0.007 -25"><span class='ocrx_word' id='word_1_49' title='bbox 167 1237 276 1289; x_wconf 81' lang='lat' dir='ltr'>retur.</span> <span class='ocrx_word' id='word_1_50' title='bbox 306 1220 435 1314; x_wconf 85' lang='lat' dir='ltr'>quippe</span> <span class='ocrx_word' id='word_1_51' title='bbox 449 1218 495 1288; x_wconf 84' lang='lat' dir='ltr'>ita</span> <span class='ocrx_word' id='word_1_52' title='bbox 512 1215 546 1287; x_wconf 85' lang='lat' dir='ltr'>se</span> <span class='ocrx_word' id='word_1_53' title='bbox 563 1215 677 1289; x_wconf 80' lang='lat' dir='ltr'>mores</span> <span class='ocrx_word' id='word_1_54' title='bbox 694 1213 839 1298; x_wconf 87' lang='lat' dir='ltr'>habent,</span> <span class='ocrx_word' id='word_1_55' title='bbox 854 1231 894 1286; x_wconf 84' lang='lat' dir='ltr'>ut</span> 
     </span>
     <span class='ocr_line' id='line_1_11' title="bbox 164 1336 895 1442; baseline 0.005 -33"><span class='ocrx_word' id='word_1_56' title='bbox 164 1339 306 1442; x_wconf 81' lang='lat' dir='ltr'>publica</span> <span class='ocrx_word' id='word_1_57' title='bbox 326 1337 470 1439; x_wconf 87' lang='lat' dir='ltr'>quisque</span> <span class='ocrx_word' id='word_1_58' title='bbox 489 1340 586 1425; x_wconf 84' lang='lat' dir='ltr'>ruina</span> <span class='ocrx_word' id='word_1_59' title='bbox 606 1341 703 1427; x_wconf 88' lang='lat' dir='ltr'>malit</span> <span class='ocrx_word' id='word_1_60' title='bbox 719 1336 895 1433; x_wconf 86' lang='lat' dir='ltr'>occidere,</span> 
     </span>
     <span class='ocr_line' id='line_1_12' title="bbox 172 1462 895 1568; baseline 0 -29"><span class='ocrx_word' id='word_1_61' title='bbox 172 1491 279 1568; x_wconf 89' lang='lat' dir='ltr'>quarn</span> <span class='ocrx_word' id='word_1_62' title='bbox 292 1463 350 1540; x_wconf 85' lang='lat' dir='ltr'>sua</span> <span class='ocrx_word' id='word_1_63' title='bbox 365 1465 507 1566; x_wconf 88' lang='lat' dir='ltr'>proteri,</span> <span class='ocrx_word' id='word_1_64' title='bbox 518 1484 554 1538; x_wconf 92' lang='lat' dir='ltr'>et</span> <span class='ocrx_word' id='word_1_65' title='bbox 563 1462 656 1538; x_wconf 88' lang='lat' dir='ltr'>idem</span> <span class='ocrx_word' id='word_1_66' title='bbox 666 1465 818 1566; x_wconf 73' lang='lat' dir='ltr'>passurus</span> <span class='ocrx_word' id='word_1_67' title='bbox 829 1467 895 1540; x_wconf 87' lang='lat' dir='ltr'>mi-</span> 
     </span>
     <span class='ocr_line' id='line_1_13' title="bbox 169 1568 897 1693; baseline 0.003 -28"><span class='ocrx_word' id='word_1_68' title='bbox 169 1589 407 1691; x_wconf 84' lang='lat' dir='ltr'>·nusconspici.</span> <span class='ocrx_word' id='word_1_69' title='bbox 424 1616 539 1691; x_wconf 85' lang='lat' dir='ltr'>neque</span> <span class='ocrx_word' id='word_1_70' title='bbox 547 1592 604 1664; x_wconf 86' lang='lat' dir='ltr'>hic</span> <span class='ocrx_word' id='word_1_71' title='bbox 614 1590 785 1693; x_wconf 85' lang='lat' dir='ltr'>prioribus</span> <span class='ocrx_word' id='word_1_72' title='bbox 795 1568 832 1662; x_wconf 84' lang='lat' dir='ltr'>iri</span> <span class='ocrx_word' id='word_1_73' title='bbox 841 1616 897 1667; x_wconf 81' lang='lat' dir='ltr'>oe·</span> 
     </span>
     <span class='ocr_line' id='line_1_14' title="bbox 168 1717 895 1820; baseline 0.001 -28"><span class='ocrx_word' id='word_1_74' title='bbox 168 1717 340 1792; x_wconf 87' lang='lat' dir='ltr'>·cultando</span> <span class='ocrx_word' id='word_1_75' title='bbox 357 1717 491 1813; x_wconf 84' lang='lat' dir='ltr'>felicior</span> <span class='ocrx_word' id='word_1_76' title='bbox 507 1717 590 1794; x_wconf 85' lang='lat' dir='ltr'>fuit:</span> <span class='ocrx_word' id='word_1_77' title='bbox 609 1717 810 1820; x_wconf 54' lang='lat' dir='ltr'>abdituffiue</span> <span class='ocrx_word' id='word_1_78' title='bbox 823 1741 895 1793; x_wconf 86' lang='lat' dir='ltr'>car·</span> 
     </span>
     <span class='ocr_line' id='line_1_15' title="bbox 173 1843 895 1930; baseline 0.001 -13"><span class='ocrx_word' id='word_1_79' title='bbox 173 1847 259 1930; x_wconf 86' lang='lat' dir='ltr'>ceri,</span> <span class='ocrx_word' id='word_1_80' title='bbox 283 1872 364 1919; x_wconf 87' lang='lat' dir='ltr'>cum</span> <span class='ocrx_word' id='word_1_81' title='bbox 390 1845 532 1919; x_wconf 87' lang='lat' dir='ltr'>consciis</span> <span class='ocrx_word' id='word_1_82' title='bbox 555 1843 727 1930; x_wconf 87' lang='lat' dir='ltr'>facinoris,</span> <span class='ocrx_word' id='word_1_83' title='bbox 747 1864 895 1918; x_wconf 90' lang='lat' dir='ltr'>mortem</span> 
     </span>
     <span class='ocr_line' id='line_1_16' title="bbox 170 1959 919 2062; baseline 0.009 -25"><span class='ocrx_word' id='word_1_84' title='bbox 170 1965 395 2062; x_wconf 85' lang='lat' dir='ltr'>digniffimam</span> <span class='ocrx_word' id='word_1_85' title='bbox 404 1959 475 2040; x_wconf 74' lang='lat' dir='ltr'>uita</span> <span class='ocrx_word' id='word_1_86' title='bbox 485 1966 541 2040; x_wconf 89' lang='lat' dir='ltr'>sua</span> <span class='ocrx_word' id='word_1_87' title='bbox 551 1967 647 2042; x_wconf 91' lang='lat' dir='ltr'>obiit.</span> <span class='ocrx_word' id='word_1_88' title='bbox 672 1966 919 2045; x_wconf 84' lang='lat' dir='ltr'>Praeclarum⁹²</span> 
     </span>
     <span class='ocr_line' id='line_1_17' title="bbox 171 2089 895 2172; baseline 0.017 -11"><span class='ocrx_word' id='word_1_89' title='bbox 171 2089 374 2165; x_wconf 81' lang='lat' dir='ltr'>excellentis</span> <span class='ocrx_word' id='word_1_90' title='bbox 383 2092 448 2164; x_wconf 90' lang='lat' dir='ltr'>viri</span> <span class='ocrx_word' id='word_1_91' title='bbox 463 2089 588 2165; x_wconf 66' lang='lat' dir='ltr'>fassum</span> <span class='ocrx_word' id='word_1_92' title='bbox 606 2093 648 2167; x_wconf 89' lang='lat' dir='ltr'>C.</span> <span class='ocrx_word' id='word_1_93' title='bbox 661 2095 768 2169; x_wconf 89' lang='lat' dir='ltr'>Sentii</span> <span class='ocrx_word' id='word_1_94' title='bbox 778 2095 895 2172; x_wconf 88' lang='lat' dir='ltr'>Satur·</span> 
     </span>
     <span class='ocr_line' id='line_1_18' title="bbox 170 2215 895 2316; baseline 0.01 -25"><span class='ocrx_word' id='word_1_95' title='bbox 170 2217 257 2302; x_wconf 84' lang='lat' dir='ltr'>-nini,</span> <span class='ocrx_word' id='word_1_96' title='bbox 268 2218 359 2292; x_wconf 85' lang='lat' dir='ltr'>circa</span> <span class='ocrx_word' id='word_1_97' title='bbox 368 2242 407 2289; x_wconf 90' lang='lat' dir='ltr'>ea</span> <span class='ocrx_word' id='word_1_98' title='bbox 417 2236 571 2316; x_wconf 88' lang='lat' dir='ltr'>tempora</span> <span class='ocrx_word' id='word_1_99' title='bbox 580 2215 739 2302; x_wconf 87' lang='lat' dir='ltr'>consulis,</span> <span class='ocrx_word' id='word_1_100' title='bbox 749 2242 794 2290; x_wconf 91' lang='lat' dir='ltr'>ne</span> <span class='ocrx_word' id='word_1_101' title='bbox 804 2216 895 2299; x_wconf 88' lang='lat' dir='ltr'>frau-</span> 
     </span>
     <span class='ocr_line' id='line_1_19' title="bbox 174 2342 892 2423; baseline 0.003 -3"><span class='ocrx_word' id='word_1_102' title='bbox 174 2343 276 2420; x_wconf 87' lang='lat' dir='ltr'>detur</span> <span class='ocrx_word' id='word_1_103' title='bbox 294 2346 467 2419; x_wconf 88' lang='lat' dir='ltr'>memoria.</span> <span class='ocrx_word' id='word_1_104' title='bbox 498 2342 613 2416; x_wconf 87' lang='lat' dir='ltr'>aberat</span> <span class='ocrx_word' id='word_1_105' title='bbox 636 2343 672 2416; x_wconf 91' lang='lat' dir='ltr'>in</span> <span class='ocrx_word' id='word_1_106' title='bbox 694 2342 892 2423; x_wconf 81' lang='lat' dir='ltr'>ordinandis</span> 
     </span>
     <span class='ocr_line' id='line_1_20' title="bbox 173 2467 893 2570; baseline 0.006 -27"><span class='ocrx_word' id='word_1_107' title='bbox 173 2467 893 2570; x_wconf 75' lang='lat' dir='ltr'>AfraeorientisquerebusCaesar,circum·</span> 
     </span>
     <span class='ocr_line' id='line_1_21' title="bbox 173 2591 892 2697; baseline 0.007 -31"><span class='ocrx_word' id='word_1_108' title='bbox 173 2591 289 2669; x_wconf 86' lang='lat' dir='ltr'>ferens</span> <span class='ocrx_word' id='word_1_109' title='bbox 299 2615 467 2670; x_wconf 87' lang='lat' dir='ltr'>terrarum</span> <span class='ocrx_word' id='word_1_110' title='bbox 477 2595 551 2670; x_wconf 93' lang='lat' dir='ltr'>orbi</span> <span class='ocrx_word' id='word_1_111' title='bbox 570 2595 757 2696; x_wconf 88' lang='lat' dir='ltr'>praesentia</span> <span class='ocrx_word' id='word_1_112' title='bbox 768 2597 823 2670; x_wconf 88' lang='lat' dir='ltr'>sua</span> <span class='ocrx_word' id='word_1_113' title='bbox 833 2624 892 2697; x_wconf 86' lang='lat' dir='ltr'>pa·</span> 
     </span>
     <span class='ocr_line' id='line_1_22' title="bbox 173 2719 890 2825; baseline 0.013 -37"><span class='ocrx_word' id='word_1_114' title='bbox 173 2720 223 2790; x_wconf 86' lang='lat' dir='ltr'>cis</span> <span class='ocrx_word' id='word_1_115' title='bbox 236 2719 316 2796; x_wconf 89' lang='lat' dir='ltr'>suae</span> <span class='ocrx_word' id='word_1_116' title='bbox 330 2721 436 2797; x_wconf 82' lang='lat' dir='ltr'>bona:</span> <span class='ocrx_word' id='word_1_117' title='bbox 452 2743 526 2799; x_wconf 90' lang='lat' dir='ltr'>tum</span> <span class='ocrx_word' id='word_1_118' title='bbox 541 2722 680 2825; x_wconf 76' lang='lat' dir='ltr'>Sestius</span> <span class='ocrx_word' id='word_1_119' title='bbox 694 2721 782 2801; x_wconf 85' lang='lat' dir='ltr'>forte</span> <span class='ocrx_word' id='word_1_120' title='bbox 798 2723 890 2797; x_wconf 85' lang='lat' dir='ltr'>etso</span> 
     </span>
    </p>
   </div>
   <div class='ocr_carea' id='block_1_2' title="bbox 0 0 958 3240">
    <p class='ocr_par' dir='ltr' id='par_1_2' title="bbox 0 0 958 3240">
     <span class='ocr_line' id='line_1_23' title="bbox 0 0 958 3240; baseline 0 0"><span class='ocrx_word' id='word_1_121' title='bbox 0 0 958 3240; x_wconf 95' lang='lat' dir='ltr'> </span> 
     </span>
    </p>
   </div>
  </div>
 </body>
</html>
