1890 3240
189 236 489 308 ROMANAE
515 235 589 300 Lm.
611 233 684 301 11.'-
753 255 820 320 ²4¹

99 391 184 445 uum
208 363 346 444 ducem,
372 385 504 434 novum
531 360 667 447 statum,
697 386 824 437 novam

97 488 311 592 quaerebant
337 482 601 584 rempublicam.
635 484 825 584 quinetiam

104 618 172 691 aufi
192 614 269 688 sunt
286 613 419 698 minari,
435 610 574 688 daturos
599 612 751 716 senatui,
766 614 825 690 da-

105 764 202 817 turos
227 741 371 843 principi
397 740 507 839 leges;
535 739 677 816 modum
702 743 828 842 stipen-

76 870 79 874 ’
105 867 166 955 dii,
188 864 293 942 finem
314 867 455 940 militiae
474 865 531 938 fibi
545 867 603 966 ipfi
623 868 830 942 constituere

106 999 221 1072 conati
232 997 317 1069 sunt.
349 992 539 1093 processum
556 993 657 1066 etiam
675 992 710 1064 in
725 1019 829 1084 arma,

105 1119 312 1220 ferrumque
328 1119 477 1192 stristum
493 1119 556 1211 est3
572 1140 607 1193 et
621 1107 763 1220 pene'in
779 1119 832 1194 ul-

108 1252 232 1325 timum
240 1245 434 1348 gladiorum
445 1249 559 1348 erupit
569 1249 765 1349 impunitas.
778 1246 834 1322 de·

109 1375 247 1476 fuitque
263 1379 323 1478 qui
333 1367 452 1451 contra
462 1377 713 1478 rempublicam
729 1378 834 1453 duce·

110 1529 176 1594 ret,
187 1532 256 1581 non
268 1509 328 1602 qui
338 1506 574 1599 sequerentur.
595 1503 835 1581 sedhaecom-

110 1635 167 1704 nia
181 1627 307 1700 veteris
318 1623 532 1721 imperatoris
544 1625 734 1712 maturitas,
747 1632 838 1705 mul.

110 1777 148 1827 vta
159 1750 356 1852 inhibentis,
368 1750 482 1850 aliqua
493 1774 572 1822 cum
583 1754 750 1848 gravitate
761 1759 838 1857 pol.

114 1879 263 1963 licentis,
281 1879 371 1949 inter
389 1876 540 1950 severam
559 1882 745 1980 praecipue
762 1885 838 1958 nos-

118 2030 251 2080 trorum
269 2005 449 2090 ultionem,
468 2005 558 2077 mitis
576 2005 721 2082 aliorum
741 2012 839 2087 casti·

117 2137 222 2235 gatio,
233 2132 331 2205 brevi
346 2130 444 2232 sopiit
455 2159 494 2205 ac
503 2131 643 2209 sustulit.
674 2163 745 2238 quo
760 2139 837 2240 qui·

117 2261 199 2335 dem
210 2281 380 2360 tempore,
393 2277 431 2338 ut
440 2256 606 2359 pleraque
615 2262 740 2358 ignave
753 2265 841 2353 Ger.

120 2393 289 2476 manicus,
305 2391 351 2461 ita
368 2383 515 2470 Drusus,
534 2387 594 2486 qui
612 2383 631 2456 ὲ
645 2407 741 2488 patre
755 2387 841 2464 inid

121 2491 244 2617 ipsum,
264 2517 412 2616 plurimo
428 2512 568 2613 quidem
582 2514 661 2615 igne
676 2516 840 2604 emicans,

124 2643 323 2718 incendium
351 2643 506 2719 militaris
532 2643 702 2719 tumultus
727 2642 842 2719 miffus

125 2769 324 2872 erat‚prisca
334 2774 545 2874 antiquaque
558 2768 737 2849 severitate
751 2770 843 2861 usus,

128 2899 290 3000 ancipitia
300 2898 357 2974 fibi
368 2921 435 2975 tam
445 2927 482 2979 re
492 2901 846 3006 quamexemploper·
