1882 3226
175 116 476 185 noununn
504 114 650 188 mn.
733 142 795 210 ιο,

75 239 797 351 phantiumuteretur,scenicisautemprae·

75 392 169 445 texta
177 372 563 474 coronaquelaurca3id
571 374 708 449 illenon
717 376 797 477 plus

75 523 181 598 quam
196 498 300 572 semel
315 499 367 596 (et
381 499 447 573 hoc
462 497 539 574 sane
554 503 698 575 nimium
713 494 796 592 fuit)
897 538 905 561 κ

75 623 239 728 usurpare
250 627 414 703 sustinuit.
443 625 797 727 hujusvirifastigium
877 610 882 619 Ι

76 758 178 830 tantis
195 760 349 833 auilibus
358 754 500 832 fortuna
515 756 652 842 extulit,
672 778 710 830 ut
725 760 797 856 pri·

75 898 173 960 ntum
195 915 241 961 ex
263 885 409 970 Africa,
426 887 553 956 iterum
574 909 619 955 ex
642 883 796 985 Europa,

76 1016 180 1088 tertio
189 1011 711 1113 exAsratriumpharetzetquot
721 1036 798 1111 par-

76 1161 129 1213 tes
148 1159 316 1214 terrarum
334 1139 425 1213 orbis
440 1137 527 1232 lunt,
545 1135 689 1212 totidem
707 1134 799 1210 face·

77 1290 131 1342 ret
153 1291 375 1345 monumenta
398 1271 558 1345 nistoriae
572 1267 664 1345 suae.
696 1294 799 1343 num·

76 1421 181 1497 quam
191 1401 376 1474 eminentia
388 1399 516 1474 invidia
528 1420 656 1472 carent.
679 1400 799 1498 itaque

77 1544 114 1596 et
136 1523 323 1609 Lucullus,
344 1549 477 1596 memor
498 1543 615 1595 tamen
637 1541 800 1620 acceptae

77 1652 235 1746 injuriae,
247 1672 283 1721 et
293 1650 464 1724 Metellus
482 1651 655 1731 Creticus,
670 1673 739 1720 non
753 1650 801 1721 in·

73 1775 167 1873 juste
178 1798 329 1875 querens
339 1775 486 1875 (quippe
496 1793 737 1846 ornamentum
747 1776 803 1849 tri·

79 1906 202 2005 umphi
223 1906 296 2002 ejus
315 1904 469 2005 captivos
493 1899 600 1976 duces
617 1901 804 2004 Pompeius

79 2030 304 2131 subduxerat)
314 2053 437 2107 etcum
447 2035 487 2106 iis
498 2059 576 2134 pars
586 2035 805 2135 optimatium

80 2158 328 2262 refragabatur,
348 2189 392 2236 ne
407 2183 467 2234 aut
485 2162 639 2263 promilli
657 2163 803 2234 civitati·

80 2290 147 2364 bus
164 2289 361 2395 {Pompeio
371 2323 387 2383 3·
394 2312 454 2364 aut
468 2291 558 2363 bene
570 2291 700 2361 meritis
711 2312 806 2388 prae·

80 2418 162 2506 mia,
176 2415 220 2489 ad
230 2420 408 2492 arbitrium
418 2421 503 2514 ejus,
517 2416 806 2516 persolverentur.

53 2545 235 2623 ⁴¹Secutus
249 2542 374 2618 deinde
389 2545 438 2617 est
455 2544 650 2617 consulatus
666 2542 708 2613 C.
725 2543 808 2616 Cae·

83 2671 176 2760 saris,
199 2673 260 2774 qui
283 2668 442 2743 scribenti
460 2695 601 2742 manum
628 2669 746 2766 injicit,
771 2692 807 2746 et

85 2800 274 2903 quamlibet
283 2797 500 2879 festinantem
516 2796 595 2875 inse
609 2803 734 2879 morari
747 2828 807 2878 co·

403 2912 440 2989 O
471 2941 490 2994 2
