1882 3226
92 128 139 252 4⁴
244 224 248 233 .
306 163 650 233 mscocrrrr

91 275 282 365 civitatem,
309 276 406 349 fimul
421 277 524 350 etiam
551 275 819 380 promulgation-

92 404 370 509 grariislegibus,
381 405 539 479 omnibus
550 407 673 481 statum
687 430 815 484 concu-

94 529 314 636 piscentibus,
337 527 465 603 summa
480 531 714 627 imismilcuit3
734 534 816 608 etin

93 677 319 760 praeruptum
339 676 445 760 atque
469 683 596 761 anceps
618 659 816 762 periculum

94 783 237 863 adduxit
265 810 376 890 remp.
406 790 622 893 Odavioque
645 790 815 892 collegae,

94 944 159 1022 pro
175 918 268 995 bono
281 921 424 1023 publico
435 921 535 997 stanti
550 920 734 1024 imperium
753 921 817 995 ab·

95 1051 245 1149 rogavit:
272 1076 323 1125 111
341 1051 534 1152 virosagris
552 1048 747 1127 dividendis
758 1074 816 1127 co·

95 1174 266 1275 loniisque
283 1175 496 1253 deducendis
509 1179 642 1253 creavit
650 1176 699 1264 fe,
726 1175 816 1251 loce·

95 1302 352 1402 rumquesuum
362 1303 574 1378 consularem
584 1302 757 1404 Appium,
779 1325 817 1378 et

96 1428 299 1506 Gracchum
317 1427 469 1518 fratrem,
510 1424 697 1505 admodum
708 1429 817 1529 juve·

92 1581 188 1641 nem.
225 1564 327 1649 ,Tum
352 1558 391 1638 P.
413 1559 531 1663 Scipio
553 1556 689 1652 Nasica,
722 1555 811 1656 ejus,
831 1558 844 1604 ³

91 1692 153 1792 qui
164 1690 315 1794 optimus
324 1684 719 1788 virasenatujudicatus
727 1703 816 1772 crat,

91 1843 218 1918 nepor3
238 1822 328 1917 ejus,
338 1819 399 1918 qui
410 1818 530 1895 censor
538 1814 735 1916 porticucin
751 1811 816 1885 Ca·

91 1941 214 2044 pitolio
243 1939 389 2025 fecerat,
416 1940 530 2029 filius,
564 1960 737 2043 pronepos
751 1961 817 2012 au-

94 2088 168 2141 tem
184 2066 249 2139 Cn.
260 2064 443 2166 Scipionis,
453 2064 669 2142 celeberrimi
683 2065 763 2153 viri,
773 2061 815 2144 P.

90 2192 248 2276 Africani
259 2197 385 2299 patrui,
396 2194 814 2298 privatusquecttogatuc,

91 2350 175 2403 cum
188 2325 270 2399 cllet
288 2323 510 2401 consobrinus
531 2323 619 2399 Tib.
645 2321 813 2408 Gracchi,

93 2452 239 2558 patriam
248 2453 443 2552 cognationi
453 2446 664 2556 praeferens,
670 2470 705 2524 et
711 2446 805 2554 quid·

13 2584 16 2591 ’
92 2580 180 2683 quid
191 2580 330 2685 publice
341 2580 486 2657 salutare
504 2588 575 2657 icon
593 2580 688 2671 elict,
704 2582 796 2682 priva

92 2706 156 2781 tim
171 2708 323 2789 alienum
340 2709 534 2785 existimans
551 2707 618 2809 (ob
633 2730 691 2783 ccc
709 2704 786 2781 vim

86 2851 146 2907 tec
159 2834 304 2935 primus
330 2839 489 2919 omnium
519 2837 638 2917 absens
655 2830 776 2949 pontif«
