1890 3240
183 154 632 224 ROMANAEnan
736 170 813 243 η’

55 266 169 346 ‘haud
183 269 293 344 multo
304 269 377 371 post
398 268 639 370 Carthaginem
655 268 774 348 subac-

56 401 164 483 ‘tam,
179 393 331 484 devidis,
349 393 477 470 summa
499 399 634 500 imperii
648 396 691 474 ad
709 426 773 500 po·

33 529 66 579 7‘
77 524 199 629 pulum
218 524 420 600 Romanum
446 527 637 628 pervenit)
676 528 775 604 Inter

53 658 122 730 hoc
138 677 287 758 tempuS,
299 661 343 730 ‘et
360 656 495 731 initium
514 658 603 731 Nini
614 661 702 756 regia
714 657 775 731 As·

52 780 236 883 syriorum,
251 785 312 885 qui
329 784 489 885 princeps
504 807 619 855 rerum
630 785 774 883 potitus,

54 909 222 985 intersunt
251 912 331 982 anni
365 932 635 982 nnccccxcv.
673 911 775 1009 hujus

54 1039 221 1137 temporis
235 1035 386 1137 aequalis
399 1035 571 1110 Hesrodus
585 1035 666 1125 fuit,
684 1040 775 1112 circa

58 1193 153 1241 cxx.
163 1156 270 1240 annos
280 1164 452 1240 distindue
466 1165 509 1239 ab
523 1164 680 1239 Homeri·
689 1185 777 1239 aeta·

53 1312 103 1382 te,
121 1297 175 1370 vir
192 1295 419 1399 perelegantis
430 1296 571 1396 ingenii,
588 1292 777 1373 etmollissr·

54 1448 110 1497 ma
124 1421 310 1499 dulcedine
327 1427 519 1500 carminum
532 1421 778 1508 memorabilia,

55 1551 115 1623 otii
130 1528 322 1654 quietisque
332 1551 576 1656 cupidiffimus,
592 1571 633 1625 ut
649 1571 778 1650 tempor

56 1700 95 1748 re
105 1694 201 1747 tanto
208 1680 347 1760 viroita
357 1679 471 1774 operis
490 1675 689 1746 audioritate
704 1697 780 1770 pro·

54 1801 181 1892 ximus}
197 1799 257 1900 qui
268 1798 402 1884 vitavit,
422 1792 569 1880 neinid,
586 1792 681 1897 quod
697 1792 780 1871 Ho·'

52 1954 186 2016 merua,
211 1926 398 2003 incideret:
427 1928 642 2030 patriamque
665 1946 700 2001 et
721 1954 777 2029 pa·

57 2077 186 2143 rentes,
201 2060 340 2131 testatus
355 2059 422 2152 est3
446 2055 503 2131 sed
519 2058 676 2159 patriam,
695 2059 778 2159 quia

55 2181 221 2256 multatus
238 2181 281 2255 ab
292 2188 427 2268 ea'era‘t,
438 2179 778 2259 contumeliofiffime.
878 2164 909 2209 ‘X

56 2304 141 2381 dum
158 2309 194 2381 in
212 2311 363 2384 externis
383 2337 510 2397 moror,
526 2309 631 2386 incidi
647 2312 683 2386 in
702 2336 777 2387 rem

57 2432 290 2522 domesticam,
322 2439 531 2539 maximique
562 2441 700 2524 erroris,
741 2458 777 2512 et

57 2562 207 2638 multum
217 2560 463 2662 discrepantem
481 2570 659 2640 austerum
673 2565 777 2666 opini-

59 2691 194 2769 onibus.
219 2714 299 2761 nam
318 2689 470 2791 quidam,
495 2690 596 2788 hujus
615 2695 777 2792 temporis

60 2819 180 2908 trama,
196 2818 306 2908 aiunt,
332 2844 352 2894 a
373 2813 502 2896 Tuscis
519 2817 686 2925 Capuam,
702 2822 776 2896 No·
