1890 3240
199 119 499 185 ROMANAE
526 140 591 182 ιη.
613 124 654 184 11.
776 145 818 206 97

60 328 64 337 Ι
101 231 212 308 adhuc
235 231 492 317 administraret,
521 231 688 307 Manilius
711 236 820 310 tribu·

100 389 166 479 nus
183 361 306 461 plebis,
327 359 458 461 semper
473 363 616 447 venalia,
640 383 675 434 et
690 363 821 438 alienae
859 418 864 429 ,

100 489 252 565 minister
261 491 445 589 potentiae,
462 488 574 589 legem
589 491 680 575 tulit,
696 514 735 565 ut
753 492 822 565 bel·

100 619 176 693 lum
185 613 462 690 Mithridaticum
471 644 532 718 per
543 616 824 720 Cn.Pompejum

105 744 404 820 administraretur.
436 767 577 847 accepta
604 772 654 840 ea,
678 747 821 847 magnis·

102 901 171 975 que
185 895 357 948 certatum
370 877 461 947 inter
475 876 698 973 imperatores
714 878 823 975 jurgi-

103 1001 149 1072 is:
181 1025 262 1071 cum
281 998 473 1097 Pompejus‘
487 998 638 1072 Lucullo
652 996 824 1075 infamiam

104 1125 288 1225 pecuniae,
306 1122 478 1197 Lucullus
491 1123 656 1224 Pompejo
672 1127 825 1198 intermi-

105 1273 221 1325 natam
244 1250 465 1352 cupiditatem
491 1253 654 1351 objiceret
677 1253 824 1354 imperii,

104 1399 298 1480 neuterque
307 1379 350 1454 ab
362 1406 418 1465 eo,
427 1407 497 1481 quo
510 1381 727 1479 arguebatur,
736 1406 828 1455 men·

104 1508 187 1578 titus
203 1509 299 1602 argui
310 1507 434 1606 poffet3
459 1530 538 1577 nam
552 1529 668 1600 neque
677 1502 826 1603 Pompe·

100 1632 170 1728 jun,
181 1650 219 1700 ut
229 1631 378 1730 primum
388 1627 432 1701 ad
442 1626 687 1725 rempublicam
696 1624 831 1725 adgres-

106 1757 162 1833 sus
173 1757 235 1843 est,
258 1779 470 1856 quemquam
481 1755 594 1824 animo
602 1777 720 1851 parem
731 1755 828 1830 tulit:

109 1909 145 1961 et
162 1886 338 1988 inquibus
356 1883 458 1958 rebus
480 1881 612 1981 primus
636 1880 700 1953 effe
724 1878 830 1957 debe·

109 2019 180 2104 bat,
202 2014 291 2089 solu's
309 2015 373 2089 effe
388 2010 560 2113 cupiebat.
589 2034 705 2110 neque
719 2036 762 2085 eo
774 2014 829 2093 ,ui-

111 2173 163 2233 ro,
178 2143 356 2246 quisquam
364 2160 423 2219 aut
431 2141 494 2215 alia
502 2140 616 2213 omnia
625 2140 749 2224 miuus,
769 2159 830 2212 aut

110 2277 254 2374 gloriam
269 2279 375 2376 magis
390 2265 589 2370 concupiit?
610 2270 647 2341 iu
663 2266 830 2366 adpeten-
921 2260 925 2265 ’

110 2401 162 2473 dis
179 2401 366 2481 honoribus
380 2393 597 2479 immodicus>
621 2389 831 2491 ingerendis

112 2524 430 2604 verecundissimus:
458 2545 497 2599 ut
514 2521 574 2617 qui
586 2544 658 2603 eos,
673 2516 832 2597 utliben·

113 2659 232 2735 tiffime
248 2655 363 2735 iniret,
389 2654 434 2722 ita
449 2646 564 2720 finiret
574 2668 686 2740 aequo
701 2643 831 2744 animm

114 2814 149 2867 et
163 2784 258 2896 quod
269 2779 410 2885 cupiffet
424 2775 563 2853 arbitrio
572 2769 632 2846 suo
642 2767 784 2862 sumere,
795 2803 832 2851 a·
