1890 3240
167 118 236 205 '522
339 106 696 182 mstontnn

171 232 325 311 Romani
340 241 376 313 in
406 229 607 311 Gracchum
624 225 711 306 fides
728 225 804 307 fuit.
833 233 896 334 qui

170 363 269 437 mere
305 362 460 447 Coclitis,
501 356 689 432 sustentatis
721 360 758 433 in
791 381 898 462 ponte

170 490 321 565 hostibus
349 493 436 588 ejus,
455 486 617 590 gladiose
632 487 814 564 transfixit.
856 509 897 565 ut

171 618 311 693 Tiberii
323 619 477 694 Gracchi
493 640 592 694 antea
601 644 738 720 corpus,
749 621 795 692 ita
807 618 896 716 Caji,

178 748 265 822 mira
298 745 503 823 crudelitate
534 751 716 833 vitiorum,
756 748 793 819 in
824 744 896 818 Ti·

169 875 280 950 berim
293 875 460 977 dejectum
471 878 530 954 est.
561 876 671 952 Hunc
684 874 773 950 Tib.
784 873 927 983 Grac-⁷⁴

20 1033 25 1115 ]
172 1006 230 1079 chi
249 1007 362 1093 liberi,
383 1007 422 1082 P.
433 1003 601 1109 Scipionis
616 1000 771 1079 Africani
785 1028 896 1105 nepo·

170 1120 237 1216 ten
255 1137 334 1210 viva
352 1132 467 1208 adhuc
485 1153 592 1208 matre
608 1131 783 1217 Cornelia,
805 1127 896 1204 Afri·

171 1259 248 1330 cani
258 1256 339 1347 filia,
353 1260 418 1328 viri
429 1258 566 1357 optimis
576 1257 721 1354 ingeniis
731 1252 819 1328 male
830 1255 894 1342 ufi,

169 1384 264 1456 vitae
279 1381 468 1483 mortisque
491 1383 644 1457 habuere
660 1383 803 1457 exitum.
832 1381 896 1482 qui
915 1358 923 1373 ⁵

169 1508 194 1582 ti
221 1511 359 1586 civilem
380 1509 554 1610 dignitatis
571 1508 805 1612 concupissent
821 1531 894 1579 mo·

160 1631 268 1721 dum,
292 1633 463 1741 qpidquid
487 1634 731 1713 tumultuando
754 1628 895 1733 adipisci

165 1765 682 1863 -gestierunt,quietisobtuliffet
691 1758 895 1859 respublica.

167 1886 253 1960 h'uic
262 1888 430 1958 atrocitati
440 1887 607 1984 adjeeium
617 1885 726 1957 scelus
736 1884 894 1962 unicum.

168 2015 300 2113 quippe
311 2012 463 2109 juvenis,
491 2010 603 2113 speeie
620 2012 807 2099 excellens,
825 2037 893 2088 nec

22 2228 28 2241 ι
167 2135 254 2213 dum
272 2136 587 2214 duodevicefimum
605 2137 822 2238 transgressus
836 2162 894 2213 an·

167 2288 264 2358 num,
275 2263 504 2366 immunisque
514 2263 719 2342 delictorum
729 2285 891 2368 paterno·

167 2420 260 2480 rum,
287 2395 403 2471 Fulvii
419 2394 536 2472 Flacci
552 2395 655 2484 filius,
672 2422 778 2500 quem
791 2419 891 2502 peter

167 2523 320 2624 legatum
345 2521 389 2598 de
403 2522 657 2602 conditionibus
673 2526 819 2612 miserat,
844 2526 891 2601 ab

167 2651 598 2751 Opimiointeremtusest.
627 2682 732 2759 quem
742 2677 823 2727 cum
832 2653 891 2727 ha·

169 2774 294 2887 auspex
326 2778 484 2871 Tuscus,
514 2785 659 2875 amicus,
681 2783 823 2861 flentem
848 2783 888 2864 in
