<?xml version="1.0" encoding="UTF-8"?>
<!DOCTYPE html PUBLIC "-//W3C//DTD XHTML 1.0 Transitional//EN"
    "http://www.w3.org/TR/xhtml1/DTD/xhtml1-transitional.dtd">
<html xmlns="http://www.w3.org/1999/xhtml" xml:lang="en" lang="en">
 <head>
  <title>
</title>
<meta http-equiv="Content-Type" content="text/html;charset=utf-8" />
  <meta name='ocr-system' content='tesseract 3.04.00' />
  <meta name='ocr-capabilities' content='ocr_page ocr_carea ocr_par ocr_line ocrx_word'/>
</head>
<body>
  <div class='ocr_page' id='page_1' title='image "./quaesupersuntex00pategoog_0064.png"; bbox 0 0 1890 3240; ppageno 0'>
   <div class='ocr_carea' id='block_1_1' title="bbox 32 120 849 341">
    <p class='ocr_par' dir='ltr' id='par_1_1' title="bbox 32 120 849 341">
     <span class='ocr_line' id='line_1_1' title="bbox 189 120 786 210; baseline 0 -19"><span class='ocrx_word' id='word_1_1' title='bbox 189 120 488 191; x_wconf 79' lang='lat' dir='ltr'>ROMANAE</span> <span class='ocrx_word' id='word_1_2' title='bbox 518 125 591 184; x_wconf 74' lang='lat' dir='ltr'>nio.</span> <span class='ocrx_word' id='word_1_3' title='bbox 612 127 654 188; x_wconf 91' lang='lat'>11.</span> <span class='ocrx_word' id='word_1_4' title='bbox 743 145 786 210; x_wconf 78' lang='lat'>57</span> 
     </span>
     <span class='ocr_line' id='line_1_2' title="bbox 32 229 849 341; baseline 0.011 -34"><span class='ocrx_word' id='word_1_5' title='bbox 32 233 155 341; x_wconf 62' lang='lat' dir='ltr'>J⁰peris</span> <span class='ocrx_word' id='word_1_6' title='bbox 173 230 493 308; x_wconf 85' lang='lat' dir='ltr'><strong>commendabilem.</strong></span> <span class='ocrx_word' id='word_1_7' title='bbox 533 229 783 333; x_wconf 83' lang='lat' dir='ltr'>Prosequamur</span> <span class='ocrx_word' id='word_1_8' title='bbox 847 232 849 237; x_wconf 46' lang='grc'>’</span> 
     </span>
    </p>
   </div>
   <div class='ocr_carea' id='block_1_2' title="bbox 55 358 786 1604">
    <p class='ocr_par' dir='ltr' id='par_1_2' title="bbox 55 358 786 1604">
     <span class='ocr_line' id='line_1_3' title="bbox 60 358 784 446; baseline -0.003 -6"><span class='ocrx_word' id='word_1_9' title='bbox 60 384 181 440; x_wconf 85' lang='lat' dir='ltr'>notam</span> <span class='ocrx_word' id='word_1_10' title='bbox 211 361 427 436; x_wconf 85' lang='lat' dir='ltr'>severitatem</span> <span class='ocrx_word' id='word_1_11' title='bbox 456 358 649 446; x_wconf 82' lang='lat' dir='ltr'>censorum,</span> <span class='ocrx_word' id='word_1_12' title='bbox 685 361 784 439; x_wconf 77' lang='lat' dir='ltr'>cami</span> 
     </span>
     <span class='ocr_line' id='line_1_4' title="bbox 61 487 785 592; baseline -0.001 -25"><span class='ocrx_word' id='word_1_13' title='bbox 61 490 227 592; x_wconf 84' lang='lat' dir='ltr'>Longini,</span> <span class='ocrx_word' id='word_1_14' title='bbox 243 487 505 591; x_wconf 79' lang='lat' dir='ltr'>Caepionisque,</span> <span class='ocrx_word' id='word_1_15' title='bbox 519 489 579 590; x_wconf 92' lang='lat' dir='ltr'>qui</span> <span class='ocrx_word' id='word_1_16' title='bbox 589 490 714 563; x_wconf 89' lang='lat' dir='ltr'>abhinc</span> <span class='ocrx_word' id='word_1_17' title='bbox 729 518 785 566; x_wconf 88' lang='lat' dir='ltr'>an·</span> 
     </span>
     <span class='ocr_line' id='line_1_5' title="bbox 59 615 784 719; baseline -0.001 -23"><span class='ocrx_word' id='word_1_18' title='bbox 59 645 126 696; x_wconf 82' lang='lat' dir='ltr'>nos</span> <span class='ocrx_word' id='word_1_19' title='bbox 147 644 290 697; x_wconf 76' lang='lat' dir='ltr'>covu.</span> <span class='ocrx_word' id='word_1_20' title='bbox 315 617 490 719; x_wconf 86' lang='lat' dir='ltr'>Lepidum</span> <span class='ocrx_word' id='word_1_21' title='bbox 512 615 703 692; x_wconf 86' lang='lat' dir='ltr'>Aemilium</span> <span class='ocrx_word' id='word_1_22' title='bbox 725 645 784 696; x_wconf 82' lang='lat' dir='ltr'>au·</span> 
     </span>
     <span class='ocr_line' id='line_1_6' title="bbox 59 743 783 850; baseline 0.003 -28"><span class='ocrx_word' id='word_1_23' title='bbox 59 773 196 848; x_wconf 81' lang='lat' dir='ltr'>gurem,</span> <span class='ocrx_word' id='word_1_24' title='bbox 225 745 319 850; x_wconf 91' lang='lat' dir='ltr'>quod</span> <span class='ocrx_word' id='word_1_25' title='bbox 335 744 392 820; x_wconf 88' lang='lat' dir='ltr'>sex</span> <span class='ocrx_word' id='word_1_26' title='bbox 416 743 565 820; x_wconf 82' lang='lat' dir='ltr'>millibus</span> <span class='ocrx_word' id='word_1_27' title='bbox 580 744 682 818; x_wconf 88' lang='lat' dir='ltr'>aedes</span> <span class='ocrx_word' id='word_1_28' title='bbox 701 773 783 824; x_wconf 91' lang='lat' dir='ltr'>con-</span> 
     </span>
     <span class='ocr_line' id='line_1_7' title="bbox 55 872 783 969; baseline 0.001 -19"><span class='ocrx_word' id='word_1_29' title='bbox 55 873 220 969; x_wconf 69' lang='lat' dir='ltr'>duxisset,</span> <span class='ocrx_word' id='word_1_30' title='bbox 248 872 561 969; x_wconf 78' lang='lat' dir='ltr'>adeffejullerunt3</span> <span class='ocrx_word' id='word_1_31' title='bbox 594 879 783 959; x_wconf 83' lang='lat' dir='ltr'>atnunc,li</span> 
     </span>
     <span class='ocr_line' id='line_1_8' title="bbox 61 999 784 1107; baseline 0.004 -28"><span class='ocrx_word' id='word_1_32' title='bbox 61 1008 143 1107; x_wconf 82' lang='lat' dir='ltr'>quis</span> <span class='ocrx_word' id='word_1_33' title='bbox 154 1006 239 1079; x_wconf 85' lang='lat' dir='ltr'>tanti</span> <span class='ocrx_word' id='word_1_34' title='bbox 249 1003 393 1088; x_wconf 81' lang='lat' dir='ltr'>habitet,</span> <span class='ocrx_word' id='word_1_35' title='bbox 412 1003 471 1075; x_wconf 88' lang='lat' dir='ltr'>vix</span> <span class='ocrx_word' id='word_1_36' title='bbox 480 1023 520 1075; x_wconf 86' lang='lat' dir='ltr'>ut</span> <span class='ocrx_word' id='word_1_37' title='bbox 529 999 660 1079; x_wconf 84' lang='lat' dir='ltr'>senator</span> <span class='ocrx_word' id='word_1_38' title='bbox 670 1005 784 1107; x_wconf 83' lang='lat' dir='ltr'>agnos·</span> 
     </span>
     <span class='ocr_line' id='line_1_9' title="bbox 58 1129 784 1227; baseline 0 -19"><span class='ocrx_word' id='word_1_39' title='bbox 58 1134 174 1226; x_wconf 80' lang='lat' dir='ltr'>eitur3</span> <span class='ocrx_word' id='word_1_40' title='bbox 204 1129 292 1207; x_wconf 64' lang='lat' dir='ltr'>adeo</span> <span class='ocrx_word' id='word_1_41' title='bbox 305 1153 438 1207; x_wconf 87' lang='lat' dir='ltr'>mature</span> <span class='ocrx_word' id='word_1_42' title='bbox 448 1159 472 1205; x_wconf 82' lang='lat' dir='ltr'><strong>a</strong></span> <span class='ocrx_word' id='word_1_43' title='bbox 488 1133 585 1206; x_wconf 64' lang='lat' dir='ltr'>tellis</span> <span class='ocrx_word' id='word_1_44' title='bbox 599 1135 635 1207; x_wconf 88' lang='lat' dir='ltr'>in</span> <span class='ocrx_word' id='word_1_45' title='bbox 650 1137 744 1227; x_wconf 87' lang='lat' dir='ltr'>vitia,</span> <span class='ocrx_word' id='word_1_46' title='bbox 762 1160 784 1208; x_wconf 80' lang='lat' dir='ltr'>a</span> 
     </span>
     <span class='ocr_line' id='line_1_10' title="bbox 60 1258 784 1368; baseline 0.006 -32"><span class='ocrx_word' id='word_1_47' title='bbox 60 1258 159 1336; x_wconf 65' lang='lat' dir='ltr'>vitils&#39;</span> <span class='ocrx_word' id='word_1_48' title='bbox 167 1263 203 1336; x_wconf 89' lang='lat' dir='ltr'>in</span> <span class='ocrx_word' id='word_1_49' title='bbox 220 1288 334 1365; x_wconf 80' lang='lat' dir='ltr'>prava,</span> <span class='ocrx_word' id='word_1_50' title='bbox 358 1290 378 1336; x_wconf 85' lang='lat' dir='ltr'>a</span> <span class='ocrx_word' id='word_1_51' title='bbox 396 1262 510 1367; x_wconf 85' lang='lat' dir='ltr'>pravis</span> <span class='ocrx_word' id='word_1_52' title='bbox 524 1263 559 1338; x_wconf 90' lang='lat' dir='ltr'>in</span> <span class='ocrx_word' id='word_1_53' title='bbox 583 1264 784 1368; x_wconf 79' lang='lat' dir='ltr'>praecipitia</span> 
     </span>
     <span class='ocr_line' id='line_1_11' title="bbox 61 1389 786 1492; baseline 0.008 -28"><span class='ocrx_word' id='word_1_54' title='bbox 61 1393 276 1492; x_wconf 85' lang='lat' dir='ltr'>pervenitur.</span> <span class='ocrx_word' id='word_1_55' title='bbox 306 1389 430 1467; x_wconf 87' lang='lat' dir='ltr'><strong>eodem</strong></span> <span class='ocrx_word' id='word_1_56' title='bbox 459 1393 568 1466; x_wconf 60' lang='lat' dir='ltr'>trullo</span> <span class='ocrx_word' id='word_1_57' title='bbox 587 1412 786 1492; x_wconf 86' lang='lat' dir='ltr'>temporum</span> 
     </span>
     <span class='ocr_line' id='line_1_12' title="bbox 62 1517 786 1604; baseline 0.004 -12"><span class='ocrx_word' id='word_1_58' title='bbox 62 1537 100 1592; x_wconf 82' lang='lat' dir='ltr'>et</span> <span class='ocrx_word' id='word_1_59' title='bbox 123 1517 269 1593; x_wconf 87' lang='lat' dir='ltr'>Domitii</span> <span class='ocrx_word' id='word_1_60' title='bbox 285 1546 331 1593; x_wconf 81' lang='lat' dir='ltr'>ex</span> <span class='ocrx_word' id='word_1_61' title='bbox 349 1519 532 1604; x_wconf 70' lang='lat' dir='ltr'>Arve&#39;rniS,</span> <span class='ocrx_word' id='word_1_62' title='bbox 562 1539 598 1591; x_wconf 90' lang='lat' dir='ltr'>et</span> <span class='ocrx_word' id='word_1_63' title='bbox 617 1519 717 1593; x_wconf 85' lang='lat' dir='ltr'>Fabii</span> <span class='ocrx_word' id='word_1_64' title='bbox 739 1545 786 1596; x_wconf 89' lang='lat' dir='ltr'>ex</span> 
     </span>
    </p>
   </div>
   <div class='ocr_carea' id='block_1_3' title="bbox 61 1624 927 1744">
    <p class='ocr_par' dir='ltr' id='par_1_3' title="bbox 61 1624 927 1744">
     <span class='ocr_line' id='line_1_13' title="bbox 61 1624 927 1744; baseline 0.012 -28"><span class='ocrx_word' id='word_1_65' title='bbox 61 1630 459 1744; x_wconf 68' lang='lat' dir='ltr'>Allobrogibusvistoria</span> <span class='ocrx_word' id='word_1_66' title='bbox 477 1643 544 1719; x_wconf 86' lang='lat' dir='ltr'>fuit</span> <span class='ocrx_word' id='word_1_67' title='bbox 560 1648 695 1722; x_wconf 81' lang='lat' dir='ltr'>nobilis.</span> <span class='ocrx_word' id='word_1_68' title='bbox 722 1647 787 1722; x_wconf 77' lang='lat' dir='ltr'>Fa·</span> <span class='ocrx_word' id='word_1_69' title='bbox 884 1624 891 1630; x_wconf 65' lang='lat'>,‚</span> <span class='ocrx_word' id='word_1_70' title='bbox 923 1724 927 1733; x_wconf 86' lang='grc'><em>,</em></span> 
     </span>
    </p>
   </div>
   <div class='ocr_carea' id='block_1_4' title="bbox 62 1758 790 1871">
    <p class='ocr_par' dir='ltr' id='par_1_4' title="bbox 62 1758 790 1871">
     <span class='ocr_line' id='line_1_14' title="bbox 62 1758 790 1871; baseline 0.001 -26"><span class='ocrx_word' id='word_1_71' title='bbox 62 1771 124 1845; x_wconf 87' lang='lat' dir='ltr'>bio</span> <span class='ocrx_word' id='word_1_72' title='bbox 148 1767 262 1844; x_wconf 84' lang='lat' dir='ltr'>Paulli</span> <span class='ocrx_word' id='word_1_73' title='bbox 280 1769 411 1870; x_wconf 68' lang='lat' dir='ltr'>nepoti,</span> <span class='ocrx_word' id='word_1_74' title='bbox 439 1790 483 1842; x_wconf 86' lang='lat' dir='ltr'>ex</span> <span class='ocrx_word' id='word_1_75' title='bbox 500 1758 639 1843; x_wconf 65' lang='lat' dir='ltr'>villorio</span> <span class='ocrx_word' id='word_1_76' title='bbox 659 1794 790 1871; x_wconf 80' lang='lat' dir='ltr'>cogno·</span> 
     </span>
    </p>
   </div>
   <div class='ocr_carea' id='block_1_5' title="bbox 63 1892 903 1995">
    <p class='ocr_par' dir='ltr' id='par_1_5' title="bbox 63 1892 903 1995">
     <span class='ocr_line' id='line_1_15' title="bbox 63 1892 903 1995; baseline 0.006 -24"><span class='ocrx_word' id='word_1_77' title='bbox 63 1920 146 1972; x_wconf 80' lang='lat' dir='ltr'>men</span> <span class='ocrx_word' id='word_1_78' title='bbox 181 1894 407 1995; x_wconf 85' lang='lat' dir='ltr'>Allobrogico</span> <span class='ocrx_word' id='word_1_79' title='bbox 441 1892 600 1970; x_wconf 88' lang='lat' dir='ltr'>inditum.</span> <span class='ocrx_word' id='word_1_80' title='bbox 631 1917 785 1975; x_wconf 89' lang='lat' dir='ltr'>notetur</span> <span class='ocrx_word' id='word_1_81' title='bbox 900 1892 903 1897; x_wconf 59' lang='grc'><strong>’</strong></span> 
     </span>
    </p>
   </div>
   <div class='ocr_carea' id='block_1_6' title="bbox 10 2020 789 2750">
    <p class='ocr_par' dir='ltr' id='par_1_6' title="bbox 10 2020 789 2750">
     <span class='ocr_line' id='line_1_16' title="bbox 65 2020 785 2127; baseline 0.003 -27"><span class='ocrx_word' id='word_1_82' title='bbox 65 2020 243 2101; x_wconf 86' lang='lat' dir='ltr'>Domitiae</span> <span class='ocrx_word' id='word_1_83' title='bbox 253 2022 593 2126; x_wconf 81' lang='lat' dir='ltr'>familiae&#39;peculiaris</span> <span class='ocrx_word' id='word_1_84' title='bbox 602 2023 785 2127; x_wconf 82' lang='lat' dir='ltr'>quaedam,</span> 
     </span>
     <span class='ocr_line' id='line_1_17' title="bbox 67 2151 788 2245; baseline 0.004 -17"><span class='ocrx_word' id='word_1_85' title='bbox 67 2175 151 2229; x_wconf 83' lang='lat' dir='ltr'>etot</span> <span class='ocrx_word' id='word_1_86' title='bbox 166 2151 357 2245; x_wconf 83' lang='lat' dir='ltr'>clarillima,·</span> <span class='ocrx_word' id='word_1_87' title='bbox 365 2157 412 2228; x_wconf 89' lang='lat' dir='ltr'>ita</span> <span class='ocrx_word' id='word_1_88' title='bbox 427 2175 533 2229; x_wconf 78' lang='lat' dir='ltr'>artata</span> <span class='ocrx_word' id='word_1_89' title='bbox 548 2180 695 2230; x_wconf 82' lang='lat' dir='ltr'>numero</span> <span class='ocrx_word' id='word_1_90' title='bbox 709 2154 788 2231; x_wconf 85' lang='lat' dir='ltr'>feli·</span> 
     </span>
     <span class='ocr_line' id='line_1_18' title="bbox 64 2263 787 2371; baseline 0.001 -13"><span class='ocrx_word' id='word_1_91' title='bbox 64 2287 171 2358; x_wconf 74' lang='lat' dir='ltr'>citast</span> <span class='ocrx_word' id='word_1_92' title='bbox 209 2310 270 2362; x_wconf 84' lang='grc' dir='ltr'><strong>ιν..</strong></span> <span class='ocrx_word' id='word_1_93' title='bbox 280 2263 477 2371; x_wconf 67' lang='lat' dir='ltr'>nntehuuc,</span> <span class='ocrx_word' id='word_1_94' title='bbox 487 2281 706 2359; x_wconf 81' lang='lat' dir='ltr'>nobiliffimae</span> <span class='ocrx_word' id='word_1_95' title='bbox 717 2286 787 2359; x_wconf 88' lang='lat' dir='ltr'>sun·</span> 
     </span>
     <span class='ocr_line' id='line_1_19' title="bbox 67 2406 788 2511; baseline -0.003 -29"><span class='ocrx_word' id='word_1_96' title='bbox 67 2409 228 2511; x_wconf 79' lang='lat' dir='ltr'>plicitatis</span> <span class='ocrx_word' id='word_1_97' title='bbox 252 2413 432 2507; x_wconf 81' lang='lat' dir='ltr'>juvenem,</span> <span class='ocrx_word' id='word_1_98' title='bbox 471 2409 537 2484; x_wconf 90' lang='lat' dir='ltr'>Cn.</span> <span class='ocrx_word' id='word_1_99' title='bbox 577 2406 788 2494; x_wconf 80' lang='lat' dir='ltr'>Domitium,</span> 
     </span>
     <span class='ocr_line' id='line_1_20' title="bbox 10 2520 789 2632; baseline -0.005 -22"><span class='ocrx_word' id='word_1_100' title='bbox 10 2562 14 2577; x_wconf 70' lang='lat'><strong>¹</strong></span> <span class='ocrx_word' id='word_1_101' title='bbox 66 2531 169 2610; x_wconf 78' lang='lat' dir='ltr'>fuere</span> <span class='ocrx_word' id='word_1_102' title='bbox 184 2520 319 2629; x_wconf 79' lang='lat' dir='ltr'>singulis</span> <span class='ocrx_word' id='word_1_103' title='bbox 332 2536 473 2607; x_wconf 90' lang='lat' dir='ltr'>omnino</span> <span class='ocrx_word' id='word_1_104' title='bbox 486 2533 684 2632; x_wconf 86' lang='lat' dir='ltr'>parentibus</span> <span class='ocrx_word' id='word_1_105' title='bbox 697 2531 789 2628; x_wconf 86' lang='lat' dir='ltr'>geni·</span> 
     </span>
     <span class='ocr_line' id='line_1_21' title="bbox 68 2654 787 2750; baseline -0.006 -12"><span class='ocrx_word' id='word_1_106' title='bbox 68 2664 110 2750; x_wconf 88' lang='lat' dir='ltr'>ti,</span> <span class='ocrx_word' id='word_1_107' title='bbox 130 2659 188 2736; x_wconf 87' lang='lat' dir='ltr'>sed</span> <span class='ocrx_word' id='word_1_108' title='bbox 207 2684 327 2734; x_wconf 84' lang='lat' dir='ltr'>omnes</span> <span class='ocrx_word' id='word_1_109' title='bbox 342 2656 385 2731; x_wconf 88' lang='lat' dir='ltr'>ad</span> <span class='ocrx_word' id='word_1_110' title='bbox 403 2656 616 2729; x_wconf 81' lang='lat' dir='ltr'>consulatum</span> <span class='ocrx_word' id='word_1_111' title='bbox 633 2654 787 2733; x_wconf 83' lang='lat' dir='ltr'>sacerdo·</span> 
     </span>
    </p>
   </div>
   <div class='ocr_carea' id='block_1_7' title="bbox 71 2787 787 2894">
    <p class='ocr_par' dir='ltr' id='par_1_7' title="bbox 71 2787 787 2894">
     <span class='ocr_line' id='line_1_22' title="bbox 71 2787 787 2894; baseline -0.003 -26"><span class='ocrx_word' id='word_1_112' title='bbox 71 2792 202 2894; x_wconf 85' lang='lat' dir='ltr'>tiaque,</span> <span class='ocrx_word' id='word_1_113' title='bbox 214 2789 258 2868; x_wconf 80' lang='lat' dir='ltr'>ad</span> <span class='ocrx_word' id='word_1_114' title='bbox 269 2787 434 2892; x_wconf 86' lang='lat' dir='ltr'>triumphi</span> <span class='ocrx_word' id='word_1_115' title='bbox 443 2804 559 2863; x_wconf 82' lang='lat' dir='ltr'>autem</span> <span class='ocrx_word' id='word_1_116' title='bbox 568 2808 658 2888; x_wconf 83' lang='lat' dir='ltr'>pene</span> <span class='ocrx_word' id='word_1_117' title='bbox 666 2810 787 2867; x_wconf 69' lang='lat' dir='ltr'>omnen</span> 
     </span>
    </p>
   </div>
   <div class='ocr_carea' id='block_1_8' title="bbox 0 0 960 3240">
    <p class='ocr_par' dir='ltr' id='par_1_8' title="bbox 0 0 960 3240">
     <span class='ocr_line' id='line_1_23' title="bbox 0 0 960 3240; baseline 0 0"><span class='ocrx_word' id='word_1_118' title='bbox 0 0 960 3240; x_wconf 95' lang='lat' dir='ltr'> </span> 
     </span>
    </p>
   </div>
  </div>
 </body>
</html>
