1890 3240
134 123 180 209 9⁶
354 94 697 188 introimus
742 114 745 119 ·
846 215 856 222 η

135 228 302 304 maturius
309 226 439 300 bellum
447 244 517 298 tam
530 225 599 299 late
606 224 765 300 diffusum
777 252 855 315 con·

136 356 270 444 ficeret,
297 353 455 451 reliquias
467 377 588 426 eorum
605 357 802 442 contrastas,
818 358 854 428 in

137 486 291 566 urbibus,
321 501 524 580 remotoque
548 510 567 554 a
592 485 676 557 mati
702 483 794 571 loco,
819 487 855 558 in

136 632 229 685 certa
254 607 331 683 sede
357 609 541 684 constituit.
576 609 653 682 sunt
676 610 854 712 qui-hunc

135 758 290 839 carpant.
316 735 373 810 led
388 762 597 839 quamquam
609 737 644 810 in
660 741 797 811 auctore
811 737 857 812 sa·

137 868 180 940 tis
195 867 333 940 rationis
353 867 411 959 est,
431 886 546 940 tamen
560 865 646 937 ratio
661 863 865 966 quemlibet

138 1020 299 1093 magnum
313 997 484 1069 austorem
499 991 640 1067 faceret.
668 991 746 1067 data
762 993 856 1065 enim
928 1022 932 1027 ’

138 1117 302 1196 facultate
313 1124 381 1195 sme
392 1143 490 1222 rapto
499 1118 652 1207 vivendi,
668 1120 794 1221 rapinis
809 1146 857 1192 ar·

139 1248 220 1319 cuit.
253 1247 343 1320 Cum
361 1247 441 1317 ellet
455 1249 491 1317 in
505 1245 577 1318 fioe'
591 1246 722 1319 bellum
737 1246 884 1320 Plau-³³

139 1399 233 1459 cum,
248 1398 328 1446 cum
347 1393 383 1445 et
399 1372 442 1446 L.
463 1370 647 1457 LuculluS,
677 1372 857 1472 (quiante

105 1486 108 1491 ⁵
138 1497 268 1601 septem
284 1525 391 1573 annos
411 1523 457 1572 ex
477 1498 556 1572 Cos.
578 1495 714 1571 sortitus
729 1496 857 1584 Aliam,

140 1622 340 1698 Mithridati
354 1625 526 1727 oppofitus
544 1641 630 1709 erat,
652 1620 859 1724 magnasque

140 1776 181 1824 ac
196 1754 434 1827 memorabiles
444 1779 498 1827 res
507 1753 554 1826 ibi
561 1751 712 1852 gelleraq
723 1751 858 1825 Mithri·

135 1877 245 1950 daten
259 1879 357 1976 saepe
372 1880 487 1950 multis
501 1879 585 1948 locis
599 1875 859 1977 fuderat,.ogre-

139 2006 194 2105 gia
211 2007 380 2102 Cyzicum
393 2005 553 2078 liberarat
562 2006 713 2093 villoria,
735 2008 859 2107 Tigra·

142 2157 212 2205 nen
228 2156 348 2229 regum
366 2133 551 2206 maximum
565 2134 601 2204 in
624 2134 787 2209 Armenia
806 2139 858 2210 vi·

143 2279 249 2344 cerat,
273 2258 498 2360 ultimamque
511 2257 605 2333 bello
619 2252 858 2363 manumpene

144 2387 249 2486 magis
272 2384 428 2459 noluerat
448 2385 636 2485 imponere,
657 2413 761 2488 quam
787 2417 857 2464 nou

145 2532 316 2613 potuerat,
330 2514 391 2614 qui
404 2511 531 2613 alioqui
548 2540 609 2615 per
623 2518 737 2591 omnia
745 2515 858 2591 lauda-

146 2640 235 2724 bilis,
260 2663 295 2715 et
308 2640 400 2717 bello
415 2668 504 2743 pene
527 2645 671 2720 invisius
689 2643 856 2744 pecuniae

147 2767 384 2866 expellebatur
408 2766 585 2872 cupidine)
612 2771 702 2850 idem
724 2768 856 2846 bellum
