1890 3240
321 208 365 252 DE
379 209 543 253 varmo.
775 203 797 244 V

75 311 126 368 bus
138 307 200 369 aliis
215 305 345 366 infensior
357 311 488 367 Tiberius
501 305 671 379 credebatur,
685 300 796 381 oblique

72 396 191 476 premit?
207 394 272 474 quid
285 396 368 454 multa
381 398 391 454 ?
403 417 461 455 non
474 393 576 473 aliquid
589 413 670 472 quam
690 390 792 447 manci·

73 486 150 562 pium
158 482 234 541 aulae
245 477 309 560 agit.
319 483 393 542 dices
403 485 493 542 intuta
501 482 554 540 illis
568 480 794 558 temporibusve·

75 571 144 628 ritas
158 569 220 628 fuit.
238 569 337 642 fateor,
347 569 390 628 sed
403 591 466 627 vera
478 568 592 628 scribere
604 566 622 624 sr
635 588 692 624 non
705 563 795 636 licuit,

49 701 62 716 r
75 653 140 714 falsa
153 677 212 716 non
224 655 325 715 debuit.
349 677 431 715 nemo
439 656 546 715 'filantii
566 651 680 713 caullam
692 649 792 711 reddit.

75 741 176 822 Lt'pstus
187 742 233 803 lib.
249 766 281 803 v.
293 745 400 822 Epistol.
419 743 491 802 Lea.
503 759 560 822 cap.
574 763 622 804 11.

124 830 298 889 V‘elleianum
314 831 506 909 compendium
519 827 651 887 laudabile
665 825 727 899 fuir,
751 821 797 884 sed

77 919 172 998 potior
179 938 241 996 pars
251 919 330 994 periit
339 941 348 988 ;
356 916 462 992 judicio
470 931 497 974 et
505 915 602 975 ordine
611 930 702 971 tamen
711 911 795 990 scrip·

78 1020 149 1075 tum,
157 1019 184 1061 et
196 1001 275 1081 quod*
284 1002 423 1080 exemplar
434 1003 551 1083 pleniori
563 997 798 1077 chronologiaesrt

76 1090 111 1149 ad
125 1088 297 1148 imitandum.
320 1089 393 1167 Lipl.
415 1111 484 1153 ιιι.
506 1089 616 1149 Centur.
630 1087 711 1166 Epist.
726 1085 799 1167 Mis·

79 1176 137 1237 eell.
154 1180 202 1237 61.

130 1254 437 1325 Velleius'Parerculus
461 1266 578 1326 Romani
607 1261 715 1344 quidem
742 1260 799 1319 oris

80 1348 205 1431 scriptor,
216 1349 261 1410 sed
273 1353 399 1411 militaris
416 1370 520 1426 tamen,
541 1369 567 1411 et
580 1353 691 1410 minime
707 1363 801 1407 orato·

81 1440 129 1497 ris.
155 1438 285 1498 Banbius
295 1441 334 1498 ad
342 1442 414 1499 Stat.
430 1463 477 1503 11.
492 1439 589 1500 Achill.
618 1441 686 1510 146.

126 1524 207 1602 Apud
218 1525 356 1584 Velleium
370 1541 413 1585 tot
423 1518 485 1587 loca
497 1523 675 1587 controversa
688 1521 760 1596 sunt,
770 1532 803 1578 ut
867 1548 870 1553 ⁴

80 1630 150 1688 pene
166 1610 236 1669 nihil
248 1615 316 1671 cerri
331 1628 433 1692 pareat.
458 1613 532 1672 unde
549 1613 624 1672 votis
638 1631 697 1669 non
713 1607 801 1683 segni·
867 1672 870 1677 f

80 1695 190 1754 bus'M.
205 1701 232 1752 S.
256 1697 371 1769 alicujus
385 1700 466 1775 copia
477 1695 647 1774 exoptanda,
661 1714 730 1772 quae
743 1711 806 1749 auc·

82 1782 193 1842 toritate
204 1780 279 1838 bonai
293 1780 427 1837 laboranti
438 1781 604 1839 subveniret.
620 1778 737 1858 scriptor
745 1777 806 1855 dig·

84 1889 137 1926 nus
149 1869 226 1927 omni
235 1869 308 1926 bona
321 1865 444 1943 fortuna,
468 1866 531 1926 licet
544 1866 689 1926 castitatem
703 1864 754 1925 stili
767 1863 808 1923 af·

85 1952 597 2032 fellatiunculiscaslrensrbusfrangere
606 1953 738 2013 videatur.
762 1952 809 2012 lit·

85 2060 140 2118 que
151 2042 270 2099 mixtura
284 2042 417 2121 quaedam
430 2042 534 2100 Valerii
546 2038 674 2114 Maximi,
689 2062 750 2100 cum
760 2061 810 2120 pu·

89 2124 195 2184 rillrmis
209 2127 266 2204 ejus
279 2130 338 2187 aevi
355 2128 415 2186 aliis
427 2127 614 2208 scriptoribus,
628 2129 762 2205 aquibus,
775 2126 810 2184 li·

88 2227 133 2272 cet
143 2213 231 2272 multo
243 2214 401 2292 pudentius,
413 2214 513 2276 secedit
525 2230 626 2274 tamen.
644 2215 743 2274 Barth.
763 2211 811 2275 lib.

91 2317 162 2358 xvr.
182 2300 293 2381 Advers
301 2315 357 2376 cap.
376 2320 403 2374 7.

58 2384 64 2390 ’
133 2385 254 2445 Velleius
270 2387 425 2447 paterculus
444 2381 552 2448 tantum
572 2409 733 2470 praeconem
755 2393 813 2446 Ro·

91 2474 167 2531 mani
178 2473 299 2531 nominis
313 2475 381 2550 agit,
393 2490 424 2532 ut
436 2495 470 2534 eo
483 2476 541 2536 solo
557 2476 611 2535 fine
624 2471 748 2553 scriplille
765 2476 809 2538 vi·

91 2558 149 2623 deri
164 2559 250 2636 poslrt.
264 2560 362 2618 Barth.
375 2560 421 2619 lib.
433 2582 486 2619 ux.
498 2563 570 2621 Ado.
582 2577 638 2639 cap.
652 2564 680 2621 6.

137 2645 259 2703 Velleius
275 2646 431 2705 Paterculus
440 2650 567 2727 princeps
578 2649 749 2708 adulatorum
760 2656 815 2709 Ro·

93 2735 170 2793 mani
183 2733 317 2805 nominis,
333 2752 384 2790 nec
401 2733 512 2792 Valerio
529 2738 655 2793 Maximo
672 2736 816 2814 posterior.

96 2819 193 2881 Barth.
207 2821 247 2877 ad
254 2818 393 2878 Claudian.
413 2840 458 2879 ιν.
473 2819 546 2903 Confi
560 2822 663 2882 Honor.
673 2826 711 2904 vs.
723 2827 772 2898 48·

138 2905 260 2967 Velleius
276 2905 448 2985 Paterculus,
465 2908 526 2988 iam
539 2907 732 2974 craumers
744 2907 846 2967 raom

427 3006 453 3064 l.
482 3019 503 3066 2
863 3005 867 3009 ⁴
