1890 3240
225 107 674 182 nounnnnmn
782 113 824 204 33

101 214 243 304 ¹vincula
256 221 337 297 duci
352 220 493 313 vidiffet‚
509 224 592 323 quin
609 243 646 294 tu
658 225 723 296 hoc
738 228 829 323 poti·

101 379 161 441 us,
177 353 303 452 inquit,
314 347 419 425 facis?
436 349 659 452 protinusque
670 347 765 423 inliso
775 374 827 426 ca·

100 481 175 582 pite
191 481 226 552 in
237 479 366 578 postem
381 475 553 579 lapideum
561 479 690 572 januae
709 490 828 560 caree·

72 592 78 603 ⁵
100 607 164 691 ris,
175 603 350 707 effusoque
360 606 516 688 cerebro,
529 604 718 706 exspiravit.
750 592 826 678 cru·

67 788 71 801 ,
101 730 265 835 delesque
288 761 369 810 mox
389 736 616 834 quaestiones,
639 735 676 805 in
696 732 827 807 amicos
933 814 935 819 ,

100 858 313 962 clientesque
325 861 568 933 Gracchorum
582 857 719 929 habitae
736 855 825 935 sunt.

99 981 160 1058 sed
175 986 369 1085 Opimium,
392 985 505 1058 virum
529 982 656 1084 alioqui
675 981 824 1060 faustum

99 1129 138 1182 et
160 1134 315 1208 gravem,
334 1104 530 1182 damnatum
560 1110 673 1222 postea
690 1107 824 1206 judicio

90 1237 253 1337 publico,
274 1233 436 1312 memorii
444 1238 547 1340 'ipfius
562 1235 732 1322 saevitiae,
748 1237 824 1312 nul·

98 1361 132 1437 la
142 1365 251 1441 civilis
261 1363 437 1467 persecuta
446 1365 496 1458 est
506 1337 747 1437 misericerdia.
770 1389 823 1436 ea·

98 1486 180 1563 dem
215 1492 402 1593 Rupilium
446 1490 718 1591 Popilliumque,
761 1489 824 1587 qui

100 1620 199 1693 Coss.
214 1619 400 1716 asperrime
409 1618 445 1691 in
464 1616 604 1691 Tiberii
620 1613 777 1690 Gracchi
792 1640 825 1687 a·
892 1671 897 1681 .

100 1741 211 1819 micos
237 1736 439 1821 saevierant,
474 1738 587 1836 postea
611 1738 825 1841 judiciprum

96 1867 323 1974 ¹publicorum
339 1865 464 1940 merito
491 1865 652 1969 oppreffit
681 1866 823 1950 invidia.

99 2001 152 2074 tei
162 2017 276 2071 tantae
291 2021 410 2098 parum
422 1993 466 2070 ad
475 1997 630 2072 notitiam
647 2002 823 2101 pertinens

100 2127 350 2229 interponetur.
379 2124 436 2200 hic
457 2125 506 2200 est
523 2125 700 2228 Opimius,
715 2156 734 2201 a
748 2155 822 2229 quo

105 2255 185 2328 Cos.
200 2256 464 2333 celeberrimum
479 2254 550 2330 vini
568 2254 743 2357 Opimiani
758 2282 822 2330 no·

102 2407 204 2458 menz
223 2385 394 2484 quodjam
404 2384 541 2463 nullutn
556 2382 635 2472 ess'e,
646 2383 753 2487 spatio
765 2407 822 2457 an·

57 2580 64 2611 ,
101 2530 233 2585 norum·
243 2510 358 2605 colligi
372 2511 503 2607 potest;
525 2535 607 2584 curn
631 2509 676 2580 ab
698 2533 742 2579 eo
756 2507 819 2584 smt

102 2632 147 2709 ad
164 2653 211 2720 te,
228 2632 286 2706 Μ.
303 2630 433 2716 Vmici,
455 2629 625 2704 cemanni
638 2653 720 2706 cut.
748 2627 820 2710 fac·
862 2618 868 2629 ’

104 2778 179 2839 tum
193 2761 337 2869 Opimii,
347 2756 442 2864 quod
453 2745 705 2840 inimicitiarum
715 2788 818 2868 quae·

418 2873 493 2950 Ga
