1890 3240
111 154 173 215 104
301 130 637 200 HISTORIAE

101 246 168 318 liae
185 245 357 318 restitutae
384 238 514 339 populo
532 239 709 323 Romano,
736 237 822 313 aliae

101 390 176 444 turn
192 367 383 471 primumin
399 366 472 462 ejus
489 365 690 464 potestatem
706 362 822 439 redac-

102 516 175 568 tae:
202 512 240 565 ut
259 491 371 588 Syria,
387 516 478 589 quae
493 512 567 564 rum
581 491 732 592 primum
748 488 820 562 fac·

100 645 133 695 ta
156 623 204 694 est
221 619 449 721 stipendiaria.
485 619 564 694 finis
581 621 717 722 imperii
738 621 821 719 regii

97 752 299 823 terminatus
308 747 485 823 Armenia.
517 746 628 822 Haud
638 740 852 833 absurdum³⁸

100 878 240 954 videtur
254 879 414 980 propofiti
429 879 542 980 operis
559 877 713 976 regulae,
735 901 823 976 pau·

100 1009 151 1080 cis
173 1031 388 1107 percurrere,
417 1030 509 1105 quae
532 1001 696 1104 cujusque
718 997 823 1073 duim

99 1158 184 1232 gens
199 1158 239 1205 ac
253 1133 346 1205 natio
357 1129 491 1204 redaiia
505 1131 540 1203 in
550 1127 736 1203 formulam
746 1153 821 1227 pro·

99 1260 247 1340 vinciae,
262 1256 426 1355 stipendia
438 1259 531 1354 pabia
543 1258 599 1328 fit:
616 1256 824 1346 notabimus,

101 1407 141 1460 ut
155 1411 245 1487 quae
258 1379 405 1470 facilius,
421 1409 525 1483 quam
541 1383 707 1485 partibus,
724 1384 822 1458 simul

101 1513 256 1592 universa
266 1513 415 1616 conspici
431 1511 561 1613 poffint.
583 1513 713 1612 primus
722 1513 758 1585 in
770 1512 824 1584 Si-

100 1647 214 1720 ciliam
231 1645 404 1742 transjecit
413 1643 605 1716 exercitum
621 1641 702 1717 Cos.
717 1640 824 1716 Clau·

101 1777 192 1863 dius,
220 1800 256 1850 et
278 1777 492 1878 provinciam
514 1800 604 1860 eam,
623 1773 700 1874 post
711 1797 819 1846 annos

100 1900 210 1974 ferme
224 1927 304 1976 ιιι.
319 1903 427 2000 captis
444 1900 617 1996 syracufis
630 1896 716 1974 fecit
730 1899 823 1974 Mar·

100 2024 404 2132 cellusxclaudius.
435 2028 566 2124 primus
579 2021 734 2101 Africam
746 2028 824 2101 Re·

102 2151 219 2252 guluS‚
246 2177 338 2224 nono
352 2149 463 2224 ferme
477 2178 567 2224 anno
584 2155 685 2252 primi
698 2152 823 2230 Punici

102 2280 201 2354 belli:
234 2277 292 2352 sed
308 2256 382 2382 post
398 2304 510 2354 cerv.
524 2303 631 2354 annos
648 2276 689 2352 P.
704 2278 822 2383 Scipio

103 2407 329 2493 Aemilianus,
348 2426 445 2480 eruta
456 2406 678 2507 Carthagine,
693 2404 819 2481 abhinc

106 2560 212 2609 annos
223 2559 418 2619 cnxxxn,
430 2531 583 2635 Africam
593 2536 629 2609 in
638 2531 822 2609 formulam

104 2664 237 2764 redegit
253 2666 462 2768 provinciae.
483 2664 636 2739 Sardinia
649 2666 738 2747 inter
751 2665 822 2760 priv

104 2816 202 2865 mum
223 2815 258 2866 et
272 2793 462 2899 secundum
484 2793 615 2883 bellurn
632 2786 817 2899 Punicum,
