1890 3240
241 68 697 179 nomannorum.
808 122 851 203 ες

115 228 198 313 bus,
218 226 253 297 in
268 224 363 295 curia
389 221 539 295 Hostilia
556 221 752 305 trucidavit.
771 250 843 301 non

117 354 240 456 perdat
255 347 445 425 nobililsrmi
456 345 532 422 fatri
548 349 690 450 gloriam
701 351 842 452 Calpur·

112 478 842 583 nia,Beliiaefilia,uxorAntistii:quaeju*

112 611 249 708 gulato,
265 628 303 681 ut
316 605 559 707 praediximur,
575 610 664 695 viro,
681 607 839 708 gladiose

109 733 216 835 ipsam
241 732 423 808 transfixit.
462 754 630 834 quantum
645 735 748 832 hujus
768 733 838 832 glo·
861 742 863 746 ’

112 865 197 950 riae,
226 862 410 965 famaeque
419 861 575 936 accessit?
601 888 694 935 nunc
709 864 839 939 virtute

82 987 254 1078 ²⁷eminet‚
275 994 383 1092 patria
398 991 494 1065 latet.
539 991 589 1066 At
604 989 748 1064 Pontius
764 991 839 1066 Te·

108 1119 320 1196 lesmusdux
335 1120 552 1209 Samnitium,
575 1122 629 1195 vir
639 1119 731 1195 domi
742 1120 838 1195 belli·

112 1274 184 1349 que
204 1245 409 1337 fortiffimus,
437 1249 641 1353 penitusque
670 1251 836 1355 Romano

110 1376 492 1472 nomini-infestissimus,
529 1382 710 1455 contradis
733 1381 835 1455 circl-

114 1525 168 1579 ter
202 1482 427 1604 quadraginta
459 1507 611 1580 millibus
638 1501 836 1583 fortiffimde

111 1631 463 1735 pertinacillrmaeque
477 1634 514 1706 in
527 1630 716 1713 retinendis
733 1634 837 1709 armis

105 1761 315 1861 juventutis,
336 1759 509 1833 Carbone
533 1785 573 1838 ac
600 1734 836 1839 Mario'Coss.

114 1891 241 1978 abhinc
252 1914 359 1964 annos
372 1915 462 1967 ext.
480 1887 556 1963 Kal.
571 1887 835 1969 Novembribus

113 2021 161 2095 ita
184 2019 228 2093 ad
252 2040 385 2121 portam
415 2017 587 2094 Collinam
619 2041 700 2094 cum
737 2015 834 2094 Sulla

113 2145 301 2233 dimicavit,
321 2143 430 2235 utad
456 2143 626 2221 summum
651 2143 835 2224 discrimen
882 2229 884 2233 ,

114 2294 248 2350 etcum
275 2294 312 2347 et
334 2274 584 2374 rempublicam
610 2272 832 2375 perduceret.

112 2429 206 2506 quae
220 2427 290 2475 non
303 2405 412 2499 majtts
420 2405 614 2502 periculum
623 2402 718 2489 adiit,
737 2400 835 2483 Han·

111 2530 236 2609 nibalis
260 2529 348 2621 intra
363 2533 504 2605 tertium
526 2531 710 2615 miliarium
727 2526 834 2606 castra

112 2653 319 2760 conspicata,
346 2678 467 2755 quam
497 2681 539 2728 eo
567 2653 637 2739 die,
668 2679 740 2754 quo
766 2655 835 2729 cir·

82 2828 91 2841 ν
113 2787 319 2875 cumulans
340 2783 478 2863 ordines
502 2760 678 2869 exercitus!
691 2781 742 2862 fui
761 2783 835 2882 Te·

442 2896 476 2976 L
499 2928 518 2978 2
