1890 3240
79 159 182 238 ‘70
320 129 712 201 maeonia-u
791 96 801 154 ’-

141 244 289 351 quilium
322 241 472 342 aliosque
502 237 704 316 Mithridati
733 239 868 320 vinstoe

142 371 378 463 tradiderunt;
404 367 531 470 quibus
546 366 866 459 libertas,inunius

93 602 97 609 .
144 499 375 598 Theophanis
396 498 552 597 gratiam,
581 499 697 600 postea
722 525 745 574 a
770 496 871 575 Pom·

145 632 222 734 pejo
230 626 383 701 restituta
400 619 465 717 est)
480 651 562 702 cum
576 628 738 704 terribilis
746 627 870 706 Italiae

145 784 288 863 quoque
303 755 479 832 videretur
493 755 687 844 imminere,
704 746 794 832 soite
807 758 873 833 ob·

149 890 247 963 venit
272 886 391 963 Sullae
405 885 484 960 Aua
500 884 690 987 provincia.
715 883 747 960 ie
764 882 875 984 egres·

148 1013 205 1089 sus
219 1014 320 1101 urbe,
338 1037 421 1086 cum
437 1013 528 1086 circa
537 1009 672 1091 Nolam
679 1030 874 1087 moi-uretur

149 1146 304 1246 (quippe
328 1170 368 1218 ea
385 1141 469 1218 urbs
492 1138 754 1243 pertinaciffime'
780 1120 875 1215 erma

150 1255 333 1356 retinebat,
353 1270 583 1368 exercituque
608 1271 774 1344 Romano
789 1267 878 1343 obfi-

28 1448 31 1453 ·
151 1393 310 1483 debatur,
336 1395 436 1471 velut
460 1393 656 1497 poeniteret
680 1396 755 1494 ejus
779 1391 878 1482 fidei,

152 1520 756 1627 quamomniumsauffiffimambello
770 1521 880 1624 praes·

152 1655 269 1729 titerat
283 1646 432 1746 Punico)
449 1651 491 1730 P.
508 1652 692 1760 sulpitius,
716 1650 878 1727 tribunus

153 1780 268 1882 plebis
288 1779 444 1877 disertum
466 1791 578 1870 acer,''
591 1779 730 1881 opibus,
757 1778 880 1878 gratim

156 1895 331 1992 amicitiis,
353 1911 474 2010 vigere
498 1907 628 2006 ingenii
649 1925 757 2005 atque
774 1905 882 1979 animi

154 2028 424 2122 celeberrimum
445 2041 549 2136 'eum
573 2049 674 2103 antea
688 2028 882 2105 .re8tiffima

158 2155 340 2233 voluntate
370 2155 464 2261 apud
497 2156 667 2261 populum
697 2160 884 2235 maximam

41 2288 44 2295 ’
116 2330 119 2335 ·
159 2284 334 2389 quaefiffet
347 2283 681 2386 dignitatem,.quafi
703 2284 838 2385 pigeret
850 2311 883 2360 e,

161 2417 402 2493 umvirtutum
421 2414 571 2502 suarum,
595 2435 633 2490 et
647 2413 738 2490 bene
751 2413 884 2491 consui·

163 2566 197 2619 ta
212 2546 245 2620 ei
268 2542 359 2619 male
370 2540 550 2630 cederent,
579 2537 691 2617 subito
706 2536 831 2646 'prevus
847 2563 884 2617 et

17 2730 22 2738 .
58 2772 61 2777 .
135 2733 140 2745 .
162 2685 342 2779 praeceps,'
361 2673 404 2749 C.
422 2673 539 2750 Mario
552 2672 628 2774 post
642 2678 736 2749 mix„
754 2695 884 2747 annum

165 2801 886 2909 omniaimperiaetomnesprovinciascon·

51 2998 81 3056 b
150 3066 154 3071 .
