1890 3240
30 144 35 152 ·
141 144 200 197 102
373 120 726 189 HISTORIAE

139 265 243 314 onem
258 235 425 320 Manlum,
447 232 695 334 aemulumque
708 230 864 336 Thucy-¹

140 367 229 442 didis
253 363 467 442 Sallustium:
500 359 722 462 aulloresque
745 365 863 436 carmi-

140 516 226 568 num
241 490 434 565 Varronem
449 511 489 559 ac
505 486 725 576 Lucretium,
747 514 865 590 neque

141 617 215 693 ullo
223 617 258 688 in
275 610 420 718 suscepti
437 616 552 718 operia
568 616 617 690 sui
632 619 784 693 carmine
798 621 865 721 mi·

139 772 262 839 norem
276 747 467 821 Catullum.
482 770 572 849 pene
581 746 682 820 stulta
692 748 864 822 estinhae·

141 876 295 949 rentium
313 875 424 949 oculis
446 874 663 974 ingeniorum
686 896 865 946 enumera·

87 1082 90 1090 ,
140 1001 208 1073 tio:
224 1002 316 1075 inter„
325 1024 416 1102 quae
425 1002 575 1074 maxime
584 999 688 1074 nostri
697 999 774 1074 aevi
783 1000 865 1073 emi·

42 1118 45 1122 ’
141 1128 606 1228 nent,princepscarminum
616 1123 866 1223 VirgiliusRa·

141 1252 327 1350 biriusque,
343 1272 379 1321 et
389 1249 593 1322 consecutus
604 1249 802 1323 Sallustium
811 1247 869 1321 Li-

141 1380 235 1464 vius,
252 1374 491 1476 Tibullusque
503 1381 538 1448 e't
549 1371 657 1458 Naso,
673 1370 868 1473 perfefflssl·

141 1510 189 1583 mi
204 1503 366 1582 informa
385 1509 500 1609 operis
518 1504 580 1581 sui.
610 1530 691 1578 nam
704 1504 868 1580 vivorum

140 1656 182 1710 ut
192 1658 315 1737 magna
325 1632 516 1728 admiratio,
536 1633 583 1707 ita
593 1629 735 1707 censura
748 1628 866 1707 diffici-

140 1762 184 1837 lia
194 1761 254 1839 est.
283 1763 382 1837 Dum
391 1762 523 1851 haecflin
531 1761 617 1835 urbe
629 1760 801 1861 Italiaque
810 1761 896 1859 gua-³⁷

141 1910 279 1974 runtur,
303 1892 368 1963 Cn.
383 1888 867 1988 Pompejusmemorabilcad·

141 2013 259 2090 uersus
283 2011 528 2100 Mithridaten,
556 2015 617 2113 qui
633 2012 707 2116 poll
722 2015 866 2093 Luculli

141 2132 388 2240 paulellionem
399 2141 866 2237 magnasnoviexercituavi·

145 2292 201 2343 res
219 2287 452 2368 reparaverat,
471 2267 601 2340 bellum
619 2265 726 2366 gellat.
752 2286 788 2341 at
804 2293 867 2343 rex

144 2390 238 2468 susus
246 2389 500 2495 fugatusqueet
510 2394 671 2501 omnibus
679 2417 867 2473 exutuacu

143 2519 423 2622 piisArmeniam
442 2521 697 2625 Tigranenque
710 2523 864 2601 socerum

39 2639 41 2643 ’
142 2649 243 2744 petit,
269 2672 387 2750 regem
413 2653 487 2749 ejus
512 2653 688 2754 temporis,
709 2651 770 2726 ulfi
792 2669 863 2751 qua

143 2766 397 2855 Luculli-armis
412 2777 862 2879 eratinfrauua,potentiffi·
920 2762 925 2768 ’
