1890 3240
104 140 146 222 9⁸
290 120 632 208 HISTORIAE

32 292 35 297 <
103 244 197 318 lieno
205 235 408 341 deponeret.
427 254 464 306 et
474 231 655 327 Lucullus,
670 233 825 315 summus
849 312 858 327 ,

104 372 233 473 alioqui
245 370 307 452 vir,
322 361 479 472 prolusae
488 364 589 462 hujus
599 367 635 439 in
645 363 820 456 aedificiis,

103 489 425 590 convillibusqueet
439 492 657 591 apparatibus
663 494 821 568 luxuriae

106 627 236 729 primus
254 622 370 695 aueior
384 616 463 692 fuit.
503 644 610 719 quem
625 621 673 694 ob
685 623 821 721 injettas

101 751 213 828 moles
225 751 323 834 mari,
347 768 384 822 et
392 767 571 850 receptum
580 746 719 851 luffoffis
728 778 821 825 moti

102 880 196 954 tibus
219 881 256 952 in
281 896 389 950 terras
410 899 520 960 mare,
546 872 645 948 haud
667 872 818 948 infacete

99 1008 256 1109 Magnus
283 1005 469 1106 Pompejut
493 1004 636 1079 Xerxen
654 1022 820 1104 'togatum

98 1160 226 1211 vocare
236 1130 449 1207 adsueverat.
470 1130 538 1205 Per
547 1131 582 1205 id
592 1111 849 1235 tempusaQ³⁴

91 1232 253 1339 ΙΜεῐσΙΙο
266 1259 370 1328 Creta
383 1257 491 1329 insula
500 1261 536 1331 in
550 1261 671 1360 populi
687 1262 822 1333 Roma·

101 1389 138 1463 ni
152 1381 356 1489 potestatem
376 1378 509 1456 redatia
521 1383 591 1475 est3
628 1383 822 1484 quaeduci·

73 1520 76 1527 '
99 1513 168 1587 bus
180 1508 314 1584 Panare
328 1525 364 1580 et
382 1505 565 1600 Lasthene,
583 1532 700 1583 κω.
718 1509 822 1583 milli·

98 1640 495 1738 busjuvenumcoaeis,
517 1637 702 1713 velocitate
710 1638 822 1741 pemi-

100 1766 212 1860 cibus,
230 1790 404 1840 armorum
413 1765 642 1866 laborumque
656 1760 822 1865 patientis·

100 1895 199 1982 limis,
220 1892 415 1989 sagittarum
431 1892 493 1963 usu
502 1892 749 1978 celeberrimis,
759 1916 821 1993 per

99 2018 287 2091 triennium
308 2018 488 2088 Romanos
511 2017 686 2091 exercitus
704 2014 822 2119 fatiga·

99 2164 208 2221 verat.
231 2168 277 2215 ne
291 2142 334 2214 ab
356 2142 462 2240 hujus
473 2141 614 2241 quidem
631 2142 730 2217 usura
743 2144 820 2243 glo·

99 2278 172 2351 tiae
191 2272 395 2374 temperavit
414 2272 565 2345 animum
588 2271 655 2345 Cn.
675 2270 820 2376 Pompe·

96 2408 168 2504 jus,
192 2404 277 2505 quin
298 2402 457 2477 villoriae
479 2421 610 2503 partem
634 2424 819 2478 conaretur

102 2530 289 2609 vindicare.
316 2532 373 2607 sed
395 2554 430 2607 et
452 2529 594 2605 Luculli
618 2552 654 2605 et
679 2531 819 2607 Metelli

102 2668 329 2766 triumphum,
358 2688 440 2738 cum
469 2660 618 2764 ipsorum
645 2658 818 2758 singuletis

103 2788 226 2874 vittus,
249 2810 325 2865 tum
345 2792 448 2864 etiam
466 2785 592 2860 invidia
612 2782 767 2885 Pompeji
785 2808 818 2856 a·
