1890 3240
123 117 165 189 aa
293 114 439 181 urst
455 113 643 180 oratur:

22 301 32 323 κ
105 221 195 329 'pud
225 224 440 308 Faventiam,
474 223 529 295 Μ.
556 219 727 297 Lucullus
750 223 842 300 circa

123 355 327 432 Fidentiam.
367 352 571 427 videbantur
587 349 778 425 finitabelli
792 354 844 427 ci·
935 340 939 395 '5

69 528 71 532 ν
108 481 309 564 ,νίΙίεωεΙει,
334 505 413 552 cum
425 479 540 552 Sullae
551 479 754 554 crudelitate
765 507 843 554 auc·
936 518 944 591 ,ι

52 598 66 625 ”
123 629 157 681 ta
174 604 260 679 sunt.
291 607 421 706 quippe
445 603 585 679 distator
601 627 736 708 creatus
755 609 841 707 (cu-

116 740 175 837 jus
194 738 334 841 >honoris
350 735 523 837 usurpatio
536 762 609 836 ,per
623 761 731 810 anuos
749 764 842 811 cxx.

122 865 324 940 intermiffa:
343 892 421 938 nam
432 865 608 966 proximus
617 865 691 964 post
698 890 842 952 annum,

124 1019 229 1093 quam
247 994 424 1066 Hannibal
442 993 543 1067 Italia
561 989 761 1067 excesserat:
781 994 843 1066 uti

91 1112 94 1119 ’
123 1119 285 1220 adpareat
309 1122 477 1220 populum
511 1121 713 1195 Romanum
744 1119 843 1195 usum

120 1246 292 1320 didatoris
319 1271 389 1316 non
412 1268 482 1317 tam
499 1246 721 1333 desiderasse„
737 1274 844 1347 quarn

116 1371 268 1471 Itimuiffe
279 1366 497 1472 potestatem)
523 1375 680 1475 imperio,
691 1401 762 1475 quo
777 1377 844 1476 pri·

115 1526 200 1575 ,ores
215 1497 257 1573 ad
276 1496 514 1574 vindicandam
532 1501 688 1575 maximis
704 1502 846 1601 pericu·

123 1629 165 1703 lis
181 1629 492 1729 rempublicamufi
509 1626 659 1716 fuerant,
682 1625 843 1702 immodi·
917 1625 920 1631 ’

121 1781 183 1830 cae
207 1754 418 1831 crudelitatis
432 1756 569 1831 licentia
584 1755 663 1833 usus
678 1757 738 1831 est.
776 1754 843 1857 pri·

122 1910 200 1956 mus
210 1886 268 1957 ille
279 1905 313 1956 et
324 1889 454 1958 utinam
465 1860 619 1969 ultimus,
641 1885 841 1986 exemplum

124 2006 377 2107 proscriptionis
395 2012 539 2094 invenit,
556 2031 608 2096 ut,
624 2013 659 2084 iu
673 2038 742 2112 qua
756 2014 841 2088 civi·

123 2151 192 2205 tate
202 2134 387 2233 petulantis
404 2136 725 2233 conviciijudicium
734 2140 842 2215 histri·
940 2204 944 2212 .

122 2261 180 2337 oni
196 2285 240 2332 ex
254 2259 323 2333 alto
337 2259 505 2348 redditur,
534 2264 570 2336 in
584 2289 623 2336 ea
636 2262 784 2363 jugulati
794 2267 840 2340 ci·

123 2388 176 2461 vis
208 2386 359 2460 Romani
395 2389 535 2491 publice
572 2391 837 2467 constitueretur

125 2519 436 2610 audioramentum5
465 2517 723 2621 plurimumque
737 2520 837 2597 habe·

125 2665 190 2728 tet,
223 2647 282 2744 qui
307 2644 471 2745 plurimos
490 2647 726 2737 interemissetr
769 2672 836 2721 ne*

1 2798 45 3048 ι
124 2791 194 2868 que
225 2771 325 2843 occist
349 2772 463 2857 hostis,
496 2796 601 2873 quam
620 2771 717 2860 civia,
746 2770 835 2857 ube·
931 2872 936 2884 ¹
