1890 3240
29 97 30 100 ‘
121 137 166 219 ῃ
293 122 483 197 nrsro
496 122 639 192 arur

123 244 169 322 C.
179 237 383 343 Sempronio
393 235 492 308 Coss.
507 234 632 310 abhinc
649 260 757 312 annos
776 265 841 318 cn.

120 369 197 477 post
214 366 301 442 duos
314 359 525 451 consulatus,
548 361 704 467 duosque
717 368 841 444 trium·

120 499 220 602 phoa,
237 511 274 566 et
286 490 339 566 bis
352 488 482 565 excisos
497 511 645 569 terrores
660 497 747 598 reip.
765 523 839 572 ma·

118 617 343 699 neinlfflulo
357 639 515 721 repertus
532 621 581 694 est
595 644 766 712 mortuuS,
788 626 836 701 ita

116 770 157 827 ut
170 747 341 852 quaedam
353 747 512 824 elisarum
528 746 681 828 faucium
704 755 742 831 iu
764 779 837 832 cer·

114 879 193 956 vice
207 884 441 983 reperirentur
455 898 569 954 notae.
598 878 643 956 de
665 882 752 957 nuti
767 885 835 959 viri

110 1025 224 1081 morte
246 1003 342 1079 nulla
358 1003 474 1077 habita
483 1005 533 1078 est
545 1005 719 1106 quaestio:
751 1005 834 1107 ejus·

112 1159 184 1236 que
205 1156 333 1235 corpur
349 1132 466 1208 velato
478 1134 592 1236 eapite
615 1133 747 1211 elatum
769 1136 831 1224 est,

109 1258 210 1356 cujus
224 1279 329 1357 opera
349 1255 451 1356 super
469 1275 582 1330 totum
596 1279 766 1335 terrarum
780 1287 832 1336 or·

108 1380 191 1459 bem
210 1381 327 1456 Roma
342 1380 513 1456 extulerat
523 1402 640 1483 eaput.
669 1383 728 1459 seu
744 1381 830 1462 fata·

106 1507 469 1613 lem,ut·p1ures,seu
488 1509 671 1585 conflatam
689 1509 828 1599 inudiis,

106 1659 148 1715 ut
155 1637 262 1742 aliqui
271 1635 456 1741 prodidere
467 1639 667 1727 memoriae,
678 1658 827 1717 mortem

59 1754 65 1766 ’
104 1768 202 1861 obiit,
233 1769 343 1844 vitam
372 1787 469 1845 certe
492 1765 714 1868 dignissimam
740 1767 825 1865 egit,

102 1916 196 1997 quae
216 1893 347 1965 nullius
369 1891 415 1964 ad
430 1889 467 1964 id
489 1891 654 1989 temporis
676 1909 825 1991 praeter·

101 2017 309 2124 quama'vito
325 2013 462 2118 fulgore
475 2015 684 2094 vinceretur.
712 2016 823 2095 deces-

101 2149 147 2225 fit
154 2172 246 2223 auno
255 2142 365 2222 ferme
384 2171 470 2224 avr.
487 2142 531 2221 de
541 2171 613 2247 quo
627 2147 738 2247 fiquir
754 2175 822 2227 am·

101 2273 209 2373 biget,
219 2289 373 2346 recurrat
395 2267 438 2344 ad
447 2269 598 2371 priorem
605 2266 820 2351 consulatum

99 2399 186 2500 ejus,
200 2396 494 2500 inquemcreatus
504 2390 652 2474 estanno
664 2423 817 2480 xxxvr.

98 2528 146 2602 ita
160 2524 467 2612 dubitatedefinet.
496 2525 591 2601 Ante
605 2547 741 2631 tempus
758 2553 813 2603 ex·
832 2533 845 2577 ⁸

98 2652 187 2727 cisae
203 2655 429 2744 Numantiae,
452 2654 626 2758 praeclara
642 2658 679 2731 iu
695 2652 817 2757 Hispa·

99 2780 156 2873 uia
172 2776 351 2865 militiaA.
366 2783 482 2861 Bruti·
495 2779 580 2863 fuit:
608 2782 684 2888 qui,
706 2763 832 2884 pene-j
