1890 3240
118 131 158 211 ,ο
307 123 368 188 111
383 122 404 185 s
419 117 496 183 ro
510 117 652 181 rtrAu

115 236 213 312 vium
227 256 369 336 quoque
383 230 538 330 priorum
551 227 656 301 aetati
671 220 843 320 adstruas)

115 386 254 468 praeter
271 363 454 443 Catonem,
469 377 506 430 et
520 354 687 459 quosdam
703 358 849 431 veteresv

118 513 155 566 et
172 485 346 571 obscuros,
365 484 480 557 minus
506 506 632 559 ιω.
653 484 751 559 annis
773 484 842 557 t'ir·

117 613 319 692 eumdatum
336 638 462 688 aevum
478 611 577 687 tulit:
593 633 633 685 ut
647 639 712 687 nec
728 620 843 714 poeta·

116 764 196 819 rum
211 744 247 816 in
257 743 431 843 antiquius
442 738 624 815 citeriusve
637 739 794 843 processit
805 766 842 814 u·

73 974 76 981 ,
116 873 244 949 bertae.
260 895 294 948 at
304 876 428 960 oratio,
439 892 479 949 a'c
488 873 542 948 uis
551 867 845 973 ferensisperfec-

117 1021 265 1105 tumque
279 1002 398 1106 prosae
412 1003 634 1104 eloquentiae
658 999 777 1087 decue,
799 1020 843 1075 ut

18 1205 25 1219 ,
116 1130 211 1205 idem
221 1132 396 1233 separetur
408 1129 844 1234 Cato(p'aceP.CraffiSci·

54 1246 56 1251 ’
116 1257 356 1359 pinnisque-et
367 1258 478 1334 Laelii
489 1280 525 1333 et
537 1260 794 1345 Gracchorum,
802 1278 845 1333 et

64 1409 67 1415 ·
116 1384 243 1461 Fannii
254 1406 294 1461 et
310 1385 383 1460 Ser.
405 1385 540 1462 Galbae
558 1377 726 1475 dixerim)
740 1387 850 1461 ita-u·'

86 1602 89 1606 ι
116 1510 250 1587 niversa
267 1511 328 1587 sub
348 1512 505 1616 principe
521 1514 635 1617 operis
657 1510 708 1587 sui
727 1511 845 1612 erupit

114 1638 266 1718 Tullio:
285 1662 325 1718 ut
339 1640 500 1719 deleelari
511 1663 591 1721 ante
602 1668 685 1718 eum
694 1637 848 1744 pauciffi·

115 1768 197 1855 mie,
208 1774 333 1872 'mirari
353 1800 439 1847 vero
458 1770 633 1849 neminem
648 1770 762 1866 pollis,
782 1765 843 1837 nili

115 1885 177 1974 silut
185 1893 229 1964 ab
238 1894 298 1967 illo
308 1893 432 1980 visum,
448 1916 507 1967 aut
516 1895 578 1992 qui
594 1891 694 1963 illum
703 1885 852 1967 viderie

115 2021 184 2097 hoc
201 2017 294 2092 idem
306 2019 451 2093 evenisse
461 2019 702 2118 grammaticis,
712 2018 839 2120 plastis,

116 2138 315 2250 pieloribus,
328 2141 566 2244 scalptoribus,
579 2142 734 2245 quisquis
750 2167 841 2222 tem·

116 2298 241 2376 porum
257 2272 415 2346 institerit
426 2275 526 2367 notis,
538 2275 701 2375 reperiet,
714 2295 749 2349 et
759 2277 839 2350 emi·

116 2401 231 2499 neptia
242 2401 406 2503 cujusque
417 2404 838 2508 operisartillimistempo·

115 2553 192 2605 rum
210 2527 362 2606 claustris
376 2532 597 2611 circumdata.
624 2538 726 2636 hujus
740 2561 836 2634 ergo,

111 2655 418 2761 praecedentisque
434 2657 550 2749 seculi,
568 2664 785 2765 ingeniorum
802 2663 838 2734 fi-

94 2785 323 2873 militudirres
338 2782 585 2896 ,cengregamis
596 2788 839 2871 etiullutlium
