1890 3240
174 81 237 167 196
372 48 717 160 triacontas

164 199 375 301 triumphus,
384 226 463 275 cunr
474 199 583 273 altero
592 195 779 289 consulatu,
790 198 824 271 ei
833 174 891 272 ‹il›

165 326 257 401 latus
277 328 336 401 est.
365 325 462 399 Dum
472 351 527 411 ea,
538 351 629 425 quae
645 320 920 425 praediximus,⁹⁸

165 455 203 527 in
214 451 386 526 Pannonia
395 450 660 549 ..Germaniaque
668 468 847 550 geruntur,
859 475 893 521 a·

168 598 245 650 crox
258 576 294 647 in
312 573 469 671 Thracia
488 573 621 646 bellum
636 594 766 661 ortum,
781 572 891 647 omni·
909 622 912 627 <

152 695 232 773 ,bus
249 697 321 794 ejus
337 699 451 797 gentis
468 695 661 772 nationibus
675 701 712 770 in
733 723 827 772 arma
842 719 892 769 ac-

168 825 290 913 cenfis,
308 824 412 905 Lucii
428 825 569 915 Pisonis,
590 851 693 927 quem
712 822 892 924 hodieque

168 947 470 1050 diligentiffimum‚
481 974 586 1054 atque
599 948 759 1026 eumdem
772 943 895 1022 lenissi·

166 1102 276 1172 mum,
288 1077 476 1154 securitatis
485 1080 637 1154 urbanae
647 1074 823 1154 custodem
837 1075 893 1148 ha·

111 1249 113 1254 -
167 1199 301 1288 bemus,
315 1204 426 1274 virtus
439 1203 642 1302 compreffrt.
660 1207 791 1305 quippe
804 1200 893 1300 lega·

165 1342 223 1396 tus
239 1320 389 1396 Caesaris
404 1324 552 1411 triennio
566 1349 648 1397 cum
661 1327 716 1396 his
732 1323 894 1416 bellavit3

167 1447 355 1550 gentesque
377 1444 609 1534 ferociffimas,
634 1447 784 1549 plurimo
808 1472 893 1522 cum

169 1599 289 1649 earum
299 1571 447 1661 excidio,
460 1600 553 1650 nunc
564 1576 652 1662 acie,
661 1600 754 1649 nunc
764 1600 892 1678 expug-

169 1702 376 1790 nationibus,
392 1703 429 1777 in
448 1703 627 1804 pristinum
644 1704 738 1804 pacis
758 1698 891 1800 redegit

169 1828 311 1903 modum
320 1860 330 1921 ;
346 1827 486 1929 ejusque
509 1831 712 1930 patratione,
726 1826 826 1903 Atiae
843 1826 889 1901 se·

169 1955 363 2039 curitatem,
382 1952 614 2029 Macedoniae
636 1979 758 2056 pacem
776 1949 891 2027 reddi-

169 2076 230 2153 dit.
254 2078 297 2153 de
315 2107 386 2181 quo
403 2083 476 2155 viro
491 2084 558 2154 hoc
572 2080 732 2175 omnibus
748 2077 889 2167 sentien-

169 2200 253 2276 dum
268 2230 308 2296 ac
327 2200 591 2306 praedicandum
608 2201 669 2284 est,
688 2198 754 2273 effe
770 2226 886 2274 mores

169 2333 242 2429 ejus
256 2333 375 2429 vigore
391 2357 431 2406 ac
450 2330 589 2406 lenitate
608 2325 832 2415 mixtiffimos,
852 2350 887 2404 et

168 2459 227 2534 vix
242 2467 451 2558 quemquam
466 2457 607 2557 reperiri
623 2456 727 2558 poffe,
751 2461 812 2562 qui
826 2478 886 2545 aut

168 2587 278 2661 otium
294 2581 439 2660 validius
454 2583 585 2684 diligat,
597 2607 656 2660 aut
670 2584 803 2663 facilius
817 2580 885 2658 suf-

170 2707 261 2793 ficiat
281 2714 434 2814 negotio,
454 2735 489 2789 et
507 2714 627 2813 magis,
646 2741 735 2817 quae
752 2708 883 2811 agenda
