1890 3240
216 251 615 318 nonnnnnnn.
637 258 679 318 11.
768 276 829 341 195

111 386 196 480 quot
204 400 238 451 et
248 397 392 477 quantas
404 397 524 448 natura
537 377 685 448 mortalis
694 380 827 478 recipit,

108 505 166 578 vel
182 501 342 576 industria
360 498 512 600 perficit3
530 500 627 596 cujus
650 501 827 598 ingenium

107 653 225 702 utrum
236 629 366 700 bellicis
381 628 485 724 magis
500 625 676 727 operibus,
688 654 730 700 an
745 629 826 701 civi*

106 755 198 828 libus
213 753 382 829 suffecerit
400 753 542 836 artibus,
562 753 596 824 in
614 754 745 825 incerto
763 752 823 827 est.
885 853 888 856 ‚

105 875 821 969 morumcertednlcedoacsuavitas,etad·

104 1007 219 1082 versus
237 1009 364 1080 amicos
385 1029 506 1103 aequa,
524 1028 563 1074 ac
583 1028 643 1102 pat
661 1001 709 1073 sui
727 998 833 1076 resti?

104 1136 209 1206 matio
230 1129 436 1205 inimitabilis
461 1126 557 1201 fuiffe
579 1126 716 1201 dicitur.
743 1154 824 1204 nam

103 1250 823 1356 pulchritudocorporisproximafraternae

102 1377 178 1453 fuit.
208 1379 264 1454 sed
282 1383 392 1467 illum,
408 1408 528 1480 magna
545 1408 589 1454 ex
606 1401 702 1480 parte
717 1378 821 1455 domi·

79 1536 83 1543 ·
102 1523 211 1577 torem
229 1506 448 1591 Germaniae,
462 1506 612 1603 plurimo
623 1507 695 1599 ejus
706 1507 818 1602 gentis

101 1631 204 1702 variis
226 1630 262 1698 in
278 1629 364 1698 loeis
388 1623 526 1723 profuso
540 1626 714 1722 sanguine,
734 1628 820 1700 fato-

55 1790 57 1797 ·
101 1777 180 1824 rum
194 1750 366 1848 iniqnitaS,
385 1747 571 1833 consulem,
587 1770 743 1846 agentem
760 1779 820 1825 an-

103 1902 187 1949 num
211 1875 427 1962 tricesimum,
444 1874 568 1972 rapuit.
598 1875 705 1947 moles
724 1876 820 1951 dein·
931 1908 935 1915 ·

103 2002 147 2076 de
163 2005 235 2101 ejus
248 2001 330 2075 belli
345 1998 503 2074 transsata
514 2002 550 2073 in
566 2002 746 2111 Neronem
757 2007 818 2093 est,

103 2127 198 2228 quod
211 2129 238 2200 is
253 2126 310 2200 sua
325 2149 359 2199 et
373 2129 502 2200 virtute
517 2149 551 2202 et
565 2125 701 2204 fortuna
717 2130 818 2211 admi·
927 2134 930 2143 ’

102 2255 266 2339 nistravit,
284 2253 547 2356 peragratusque
571 2258 676 2331 vietor
697 2287 817 2334 omnes

102 2401 214 2478 partes
231 2381 450 2466 Germaniae,
467 2383 534 2455 fine
549 2383 620 2454 ullo
637 2381 818 2456 detrimen·

104 2521 141 2572 to
154 2503 313 2575 commissi
325 2508 509 2588 exercitus,
530 2504 624 2604 quod
632 2508 818 2605 praecipue

104 2627 186 2700 huie
201 2625 280 2699 duci
291 2628 426 2730 semper¹
434 2656 537 2703 curae
547 2627 612 2703 fuit
621 2662 630 2723 ;
645 2633 688 2704 sic
699 2629 817 2730 perdo·

98 2754 191 2953 ptuit
206 2778 295 2837 eam,
307 2774 345 2824 ut
357 2755 392 2825 in
407 2751 551 2828 formam
560 2780 648 2854 pene
661 2754 816 2854 stipendi·

125 2908 140 2955 t

142 2882 193 2956 iae
209 2878 380 2983 redigeret
395 2882 602 2982 provinciae.
632 2902 705 2959 tum
729 2883 813 2956 alter

428 2993 498 3071 Bb
