1890 3240
242 106 539 183 no'ntnnan
561 84 704 190 Lm‘n.
761 140 828 210 139

105 260 163 327 tea
177 243 339 317 comitem
350 239 483 324 habuit,
491 265 681 340 numquam
691 264 749 315 aut
763 245 829 317 alio

107 364 204 442 usum
221 367 367 468 hospitio
382 393 486 466 quam
501 363 573 453 su0,
590 390 649 442 aut
664 368 731 442 alio
745 395 826 442 vec·

104 506 182 572 'tum
191 497 370 573 vehiculo:
381 493 667 597 pontificatusque
677 495 827 576 sacerdo·
840 538 844 545 ·

105 628 156 700 tio
175 653 322 728 puerum
337 626 529 698 honoravit.
558 644 594 696 ct
609 627 736 725 pacatis
751 625 824 699 bel·

105 751 824 841 liscivilibus,aderudiendumliberalibus

103 879 289 984 disciplinis
305 882 480 981 singularis
505 878 656 952 indolem
671 883 824 977 juvenis,

104 1006 327 1106 Apolloniam
337 1032 418 1079 eum
429 1006 463 1077 in
473 1002 579 1077 studia
589 1004 733 1091 miserat,
744 1033 826 1081 mox

102 1132 186 1206 belli
199 1134 328 1224 Getici,
342 1159 382 1206 ac
393 1129 518 1205 deinde
529 1131 679 1206 Parthici
693 1134 825 1208 habitu·

103 1288 162 1336 rus
179 1262 462 1336 commilitonem.
493 1262 549 1333 cui
566 1280 605 1333 ut
629 1262 676 1334 est
691 1264 824 1336 nuntia·

103 1407 177 1461 tum
192 1385 235 1462 de
250 1380 357 1462 cae'de
374 1386 551 1470 avunculi,
567 1412 647 1458 cum
666 1392 824 1486 protinus

101 1538 146 1586 ex
160 1515 283 1588 vicinis
291 1511 485 1609 legionibus
494 1511 715 1582 centuriones
731 1511 825 1585 suam

103 1638 312 1739 suorumque
322 1637 469 1711 militnni
483 1664 623 1737 operam
638 1641 672 1710 ei
686 1641 825 1739 pollice·

102 1786 236 1851 rentur,
248 1788 363 1864 neque
383 1787 457 1834 cam
471 1760 696 1862 spernendam
714 1765 823 1839 Salvi·

101 1893 225 1969 dienus
239 1915 275 1968 et
290 1892 444 1993 Agrippa
458 1887 633 1983 dicerent;
653 1892 712 1966 ille
731 1892 822 1968 festi-

100 2048 186 2097 nans
195 2022 376 2125 pervenite
390 2021 425 2092 in
435 2017 570 2105 urbem,
580 2020 821 2096 -omnemordi

99 2151 324 2225 nationcmet
336 2150 432 2231 necis
449 2169 485 2222 et
502 2149 692 2223 testamenti
709 2150 836 2224 Brun?

100 2274 183 2352 dufii
190 2284 368 2382 comperit.
385 2282 442 2354 cui
450 2278 646 2353 adventanti
655 2281 821 2372 Romam,

100 2405 257 2481 immanis
278 2411 468 2483 amicorum
487 2410 637 2481 occurrit
654 2404 819 2505 frequen·

99 2531 165 2603 tia:
183 2549 314 2605 etcum
328 2534 469 2608 intraret
483 2532 619 2619 urbem,
635 2531 710 2605 solis
726 2532 818 2607 orbis

101 2652 201 2757 super
214 2677 319 2769 caput
332 2661 418 2756 ejus,
433 2664 596 2732 curvatus
611 2659 814 2758 aequaliter,

100 2783 383 2889 rotundatusque,
393 2788 429 2862 in
438 2786 590 2862 colorem
600 2788 711 2879 ricus,
722 2790 816 2864 velu-

378 2924 391 2961 t
445 2902 469 2976 S
