1890 3240
126 165 168 217 22
316 144 657 213 HISTORIA-E

126 263 164 335 in
178 259 353 360 triumpho
368 256 477 329 duxit.
504 278 575 354 quo
589 280 680 329 anno
694 273 730 331 et
743 255 842 332 ona·

124 386 173 459 vii
183 365 518 489 praetorie,naualis;
536 378 711 468 etAnicii,
724 408 842 482 regem

123 510 326 609 Illyriorum
352 506 522 601 Gentium
546 525 626 581 ante
644 533 785 583 currum
804 536 842 582 a·

121 639 248 738 gentis,
259 636 424 735 triumphi
442 632 539 710 fuere
549 635 716 711 celebres.
734 661 839 735 quam

111 746 160 835 ⁴fit
181 760 317 839 adfidua
335 764 515 837 eminentis
537 760 696 836 fortunae
720 787 838 835 comes

118 886 261 976 invidia,
276 890 503 994 altiilimisque
519 890 714 976 adhaereat,
732 890 837 964 etiam

117 1013 187 1087 hoc
204 1014 319 1113 colligi
338 1019 469 1117 potest:
496 1015 606 1118 quod,
623 1042 705 1092 cum
720 995 837 1091 Anicii

118 1139 837 1242 Odaviiquetriumphumnemointerpel-

113 1262 216 1347 laret,
230 1253 342 1350 fuere,
360 1266 420 1362 qui
434 1263 548 1339 Paulli
560 1264 727 1364 impedire
743 1262 837 1335 obni-

113 1406 290 1462 terentur:
314 1389 412 1486 cujus
427 1408 560 1463 tantum
574 1391 706 1490 priores
723 1388 834 1462 exces-

111 1517 164 1603 fit,
183 1517 242 1591 vel
258 1515 495 1618 magnitudine
517 1518 606 1618 regis
631 1513 757 1601 Persei,
775 1514 832 1590 vel

109 1642 221 1749 specie
231 1647 500 1735 fimulacrorum‚
514 1646 573 1723 vel
581 1643 686 1727 modo
694 1643 833 1747 pecuni-

108 1798 164 1860 ae,
183 1795 222 1849 ut
243 1776 296 1850 bis
314 1775 589 1850 millies'centies
614 1800 670 1851 us.
699 1770 830 1843 aerario

108 1894 318 1993 contulerit„
333 1913 369 1965 et
392 1897 547 1967 omnium
571 1910 651 1962 ante
677 1893 829 1965 odiorum

106 2017 398 2116 comparationem
435 2012 660 2117 amplitudine
692 2017 827 2095 vicerit.

104 2136 174 2218 Per
183 2136 275 2215 idem
285 2159 434 2239 tempus,
444 2164 525 2213 cum
539 2137 734 2214 Antiochus
745 2141 855 2243 Epi-¹⁰

102 2267 247 2367 phanes,
268 2269 329 2367 qui
349 2264 496 2341 Athenis
518 2266 746 2371 Olympicum
770 2269 825 2343 in·

101 2394 251 2486 choavit,
268 2413 343 2473 tum
357 2420 420 2469 rex
436 2395 567 2495 Syriae,
585 2396 824 2475 Ptolemaeum

99 2548 250 2624 puerum
266 2521 497 2602 Alexandriae
511 2526 692 2624 obsiderem
707 2529 822 2603 miffus

100 2645 207 2720 estad
224 2676 304 2723 eum
319 2649 451 2750 legatus
470 2650 526 2726 Μ.
548 2649 702 2756 Popilius
733 2651 819 2724 Lao

99 2797 172 2860 nas,
183 2778 385 2875 quijuberet
394 2781 533 2882 incepto
547 2778 711 2857 defistere.
727 2801 817 2855 man·
