1890 3240
141 125 226 212 '156
341 96 723 186 'ursuonrnrr
767 138 769 141 ·

161 252 197 326 le
212 244 416 331 mulcatum,
425 245 462 317 in
476 243 596 317 altiora
606 239 640 317 se
650 242 829 344 receperat
838 233 893 321 10ss

163 403 216 453 ca.
232 396 307 450 tum
319 366 565 447 caffiusexsua
576 357 715 444 fortuna
725 390 892 446 eventurn

162 503 316 606 collegae
330 497 522 582 aestimans,
533 522 615 569 cum
630 495 797 573 dimifisset
811 523 892 573 evo·

162 650 291 712 catum,
302 620 512 724 juffiffetque
535 624 697 697 nuntiare
712 624 784 714 fibi,
800 648 893 726 quae

162 752 245 829 effet
261 749 450 827 multitudo
466 775 507 824 ae
520 750 573 824 vis
587 751 783 838 hominum,
799 776 892 852 quae

164 880 258 956 adse
279 878 449 971 tenderet,
475 875 604 953 tardius
626 903 670 952 eo
694 879 895 967 nuntiante,

164 1031 249 1082 eum
262 1007 299 1080 in
315 1006 431 1082 vicino
449 1003 531 1078 esset
545 1028 669 1104 agmen
683 1001 784 1077 cursu
800 999 845 1076 ad
860 1027 896 1076 e·

165 1159 229 1212 um
243 1132 474 1227 tendentium,
488 1156 606 1234 neque
623 1132 769 1234 pulvere
784 1129 892 1206 facies

125 1327 128 1339 ,
165 1280 227 1332 aut
246 1261 336 1355 figna
351 1257 507 1331 denotari
519 1258 656 1357 'poffent
663 1289 673 1351 ;
699 1259 896 1333 existimans

165 1381 280 1457 hostes
294 1381 371 1473 esse,
397 1381 458 1482 qni
471 1380 666 1467 inruerent,
681 1382 818 1457 lacerna
836 1409 898 1459 ca·

112 1513 113 1518 ’
166 1531 232 1615 put
248 1505 490 1594 circumdedit,
508 1527 755 1609 extentamque
780 1513 897 1584 cervi·

86 1657 95 1664 ’
168 1662 247 1711 cern
262 1637 437 1710 interritus
456 1632 583 1709 liberto
600 1635 770 1737 praebuit.
799 1633 896 1712 deci·

168 1762 267 1839 derat
279 1760 378 1837 caffii
394 1781 513 1864 caput,
527 1786 610 1836 cum
622 1759 895 1837 evocatusadve·

154 1891 233 1974 nit,
251 1891 414 1962 nuntians
437 1889 590 1963 Brutum
621 1890 687 1963 esse
712 1891 897 1986 vidorem3

169 2013 231 2113 qui
241 2038 322 2086 cnm
333 2015 576 2115 imperatorem
587 2015 793 2117 prostratum
803 2014 897 2094 vide·

170 2159 243 2231 tet;
259 2138 394 2239 sequar,
418 2141 544 2240 inquit,
569 2167 665 2230 eum,
688 2169 794 2240 quem
817 2169 899 2219 mea

170 2268 296 2346 occidit
307 2266 463 2361 tarditas3
480 2287 516 2340 et
529 2269 576 2341 ita
586 2269 622 2340 in
635 2265 790 2368 gladium
799 2271 897 2348 incu-

171 2400 259 2475 buit.
288 2399 362 2499 post
378 2422 507 2500 paucos
525 2394 650 2472 deinde
669 2395 743 2474 dies
760 2401 895 2478 Brutus

160 2524 326 2601 conflixit
348 2552 430 2601 cum
444 2526 611 2615 hostibus,
630 2547 666 2601 et
682 2531 790 2605 vidus
808 2534 899 2627 acie,

104 2696 107 2705 ν
165 2680 254 2730 ¹cum
269 2659 305 2730 in
319 2656 493 2730 tumulum
507 2656 606 2731 noua
617 2683 661 2733 ex
668 2654 751 2758 fuga
759 2657 793 2731 se
802 2666 900 2732 rece-v

163 2780 282 2879 piise't,
296 2783 525 2887 impetraviti
551 2787 709 2863 Stratone
722 2784 894 2884 Aegeate,
