1890 3240
227 100 530 180 ROMANAE
557 105 632 177 Lu]
658 111 702 180 n.
783 115 846 204 165

123 225 280 314 Pollione
294 237 330 308 in
343 233 549 320 Antonium,
559 259 664 334 quam
679 234 722 309 ab
732 233 845 314 Anto·

123 365 226 438 nioin
236 362 429 440 Pollionem
441 361 506 435 esse
516 361 704 435 conlatum.
720 360 847 438 adven·

123 510 181 565 tut
194 487 320 564 deinde
334 489 370 559 in
384 482 520 563 Italiam
534 486 693 575 Antonii,
708 513 848 591 praepa·

105 613 287 717 ratusque
304 613 454 690 Caesaris
477 633 597 689 contra
619 642 700 691 eum
723 616 847 692 habuit

123 741 206 816 belli
218 761 371 816 metum:
388 739 446 816 sed
461 767 529 843 pax
542 760 662 815 contra
677 739 846 818 Brundu-

123 867 207 942 fium
218 867 413 970 composita.
430 891 492 966 per
502 889 593 967 quae
603 883 758 966 tempora
770 865 849 941 Ru·

122 991 354 1073 fisalvidieni
372 990 509 1066 scelesta
528 991 663 1066 confilia
680 987 847 1093 patefit&

123 1113 220 1206 sunt;
235 1118 295 1217 qui
306 1113 651 1192 natusobscuriffimis
663 1119 783 1205 initiis,
792 1144 848 1222 pa·

125 1241 366 1318 rum'habebat
379 1241 508 1318 summa
522 1242 700 1346 accepisse,
716 1264 752 1318 et
765 1269 848 1346 pro·

123 1366 237 1444 ximus
256 1364 353 1446 aen.
370 1369 552 1476 Pompeio,
564 1371 708 1473 ipsoque
724 1371 848 1448 caesa-

124 1521 164 1571 re
179 1522 224 1571 ex
238 1498 389 1595 equestri
399 1495 521 1569 ordine
538 1497 632 1570 Cos.
648 1518 785 1570 creatus
803 1495 850 1571 es·

122 1621 173 1716 se,
183 1623 286 1696 nisrin
300 1620 335 1696 id
345 1619 575 1708 adscendiffet,
590 1618 611 1693 ὲ
627 1647 700 1723 quo
712 1621 800 1697 infra
814 1621 849 1699 se

126 1768 164 1822 et
180 1744 361 1822 Caesarem
381 1743 519 1820 videret
534 1765 570 1818 et
588 1747 851 1848 rempublicam.

97 1873 232 1951 ⁷⁷Tum
258 1870 497 1976 expostulante
510 1867 686 1948 consensu
713 1872 850 1976 populi,

127 2025 236 2104 quem
247 2001 361 2101 gravis
375 1997 496 2072 urebat
511 1993 634 2073 infesto
648 1999 734 2073 mari
748 2024 853 2074 anno·
889 1997 898 2072 l

127 2154 186 2216 nt,
200 2125 467 2229 cum·Pompeio
482 2151 624 2228 quoque
639 2127 730 2200 cirea
744 2123 851 2214 Mise-

127 2281 215 2333 num
225 2283 293 2357 pax
307 2255 407 2329 inita:
428 2255 490 2356 qui
499 2251 592 2330 haud
603 2248 761 2335 absurde,
770 2272 854 2323 cum

101 2443 103 2449 .
129 2385 168 2458 in
177 2381 257 2454 navi
266 2357 519 2480 Caesaremque
529 2399 565 2452 et
574 2377 767 2451 Antonium
778 2398 855 2448 coe·

130 2531 177 2586 na
194 2503 384 2603 exciperet,
402 2502 508 2579 dixitr
529 2505 564 2576 in
586 2505 711 2577 carinis
737 2498 804 2573 suis
820 2497 855 2574 se

131 2653 278 2709 coenam
293 2623 395 2719 dare3
412 2624 566 2700 referens
585 2625 654 2697 hoe
667 2621 793 2697 dietum
810 2619 856 2698 ad
900 2625 903 2630 ’

126 2758 203 2836 loti
216 2777 359 2860 nomen,
377 2751 500 2856 inquo
514 2767 656 2853 paterna
673 2746 796 2829 domur
811 2746 865 2856 ab⁴

407 2899 412 2905 ’
454 2865 541 2947 Xa
805 2868 819 2902 ²
847 2872 859 2907 ³
