1890 3240
784 38 934 66 -—.....'-.

197 116 495 190 ROMANAE
517 114 590 178 Lm.
611 120 653 182 11.
749 137 811 213 ψ

98 270 177 320 nem
196 237 415 316 atrociffimae
430 235 642 320 calamitatis,
657 261 725 336 qua
740 237 820 310 nul-

98 371 142 456 la,
163 369 236 471 post
256 363 360 440 Craffi
377 364 413 436 in
431 361 565 479 Parthis
585 359 761 448 damnum,
779 365 816 440 in

100 496 250 570 externis
265 491 423 593 gentibus
438 490 573 588 gravior
586 489 755 563 Romanis
765 487 817 565 fu·

101 621 249 717 injustis
272 615 517 701 voluminibus,
541 635 580 688 ut
604 615 676 739 ame
690 617 737 688 ita
753 643 817 690 noa

101 747 300 822 conabimur
315 767 499 844 exponere.
516 766 609 815 nunc
623 737 817 819 summade·

100 872 213 949 flenda
228 875 290 950 est.
313 874 486 948 exercitus
508 871 662 944 omnium
685 869 817 947 sortiffi·

101 1026 190 1085 mus,
205 997 391 1109 disciplina,
406 1024 524 1083 manu,
539 999 819 1100 experientiaque

102 1115 372 1211 belloruminter
386 1128 566 1202 Romanos
583 1128 708 1202 milites
722 1130 818 1229 prin·

101 1255 475 1356 ceps,marcoreducis,
483 1253 626 1357 perfidia
636 1256 821 1342 hostis,ini·

101 1379 231 1478 quitate
248 1377 405 1454 fortunae
423 1380 699 1453 circumventus:
720 1381 818 1475 (cum

101 1527 145 1576 ne
155 1497 329 1599 pugnandi
340 1496 482 1595 quidem
493 1499 630 1595 egregie
644 1503 774 1572 occasio
783 1506 821 1578 in

101 1643 270 1724 quantum
279 1621 462 1696 voluerant
471 1616 636 1693 dataeffet
645 1621 819 1719 immunis,

103 1747 269 1846 castigatis
276 1747 378 1819 etiam
385 1740 585 1843 quibusdam
590 1742 820 1843 gravipoena‚

106 1876 186 1975 quia
210 1874 379 1947 Romanis
397 1892 433 1945 et
455 1872 557 1945 armis
580 1890 615 1946 et
631 1873 753 1946 animis
771 1874 820 1949 usi

105 1990 269 2087 fuissene)
287 1995 435 2072 inclusus
451 1995 552 2081 filvis,
568 1994 760 2097 paludibus,
772 2000 821 2074 in·

104 2123 191 2199 fidiis
200 2124 242 2198 ab
253 2149 295 2198 eo
305 2122 400 2197 hoste
415 2119 458 2195 ad
472 2098 742 2199 internecionem
752 2145 822 2201 tru-

105 2249 237 2326 cidatus
254 2251 314 2338 est,
329 2275 435 2351 quem
448 2251 494 2322 ita
510 2248 642 2347 semper
656 2275 751 2322 more
765 2275 822 2351 pe·

106 2371 236 2448 cudum
253 2373 495 2455 trucidaverat,
505 2391 544 2442 ut
554 2372 658 2443 vitam
666 2391 725 2445 aut
734 2399 824 2447 mor·

109 2520 179 2573 tem
193 2499 278 2596 ejus,
294 2523 386 2572 nunc
400 2499 564 2582 ira‚nunc
578 2497 678 2569 venia
694 2517 822 2598 tempe-

109 2646 209 2700 raret.
233 2624 314 2700 duci
329 2622 458 2726 plusad
467 2620 695 2709 moriendum,
714 2603 819 2724 quani

110 2749 152 2827 ad
171 2748 390 2854 pugnandum
404 2751 507 2828 animi
521 2745 597 2846 fuit,
614 2751 742 2853 quippe
761 2779 821 2853 pa-
