1890 3240
210 108 508 181 ROMANAE
535 105 609 171 er.
629 110 672 173 11.
775 127 839 192 209

124 228 843 330 victoriacumabundantiffimarerumom-

123 368 221 442 nium
245 364 358 464 copia,
383 360 549 433 exercitui
577 359 780 460 Caesarique
806 362 841 436 se

85 490 252 597 ¹⁰⁷junxit.
272 493 359 566 Non
367 512 520 591 tempero
531 491 625 579 mihi,
635 492 721 591 quin
731 513 845 565 tantae

81 629 85 639 '
127 648 244 697 rerum
258 617 480 721 magnitudini
494 620 574 705 hoc,
589 623 845 724 qualecumque

129 751 192 837 esi,
215 748 370 824 inseram.
408 773 489 820 cnm
515 748 708 824 citeriorem
736 756 845 854 ripam

127 878 288 982 prae'diffi
297 877 448 952 fluminis
457 877 571 949 castris
581 881 846 982 occupassemus,

130 1029 168 1085 et
189 1009 333 1081 ulterior
356 1024 483 1077 armata
498 1004 643 1079 hostium
661 1008 849 1104 juventute

129 1130 292 1233 fulgeret,
301 1131 360 1205 sub
368 1156 508 1205 omnem
516 1152 648 1205 motum
658 1133 848 1207 nostrarum

132 1262 271 1335 navium
280 1260 437 1361 protinus
452 1254 709 1356 refugientium,
721 1285 811 1334 unus
827 1258 850 1332 ὲ

133 1386 296 1472 barbaris,
318 1406 429 1461 aetate
443 1383 565 1477 senior,
580 1411 725 1483 corpore
741 1385 853 1460 excel·

134 1513 228 1596 lens,
247 1510 434 1607 dignitate,
457 1526 625 1604 quantum
653 1506 853 1582 ostendebat

136 1636 265 1719 cultus,
281 1632 448 1716 eminens,
459 1649 618 1702 cavatum
634 1630 689 1726 (ut
703 1630 768 1704 illis
778 1659 853 1710 mos
878 1616 894 1641 ⁵

137 1753 202 1851 est)
217 1785 261 1833 ex
271 1752 412 1833 materia
426 1753 621 1830 conscendit
635 1755 786 1845 alveum,
802 1760 854 1836 so·

136 1884 258 1989 Iusque
272 1884 309 1960 id
325 1884 451 1982 navigii
466 1907 574 1981 genus
589 1901 796 1984 temperans,
811 1886 855 1964 ad

122 2010 292 2091 ,medinm
303 2007 455 2113 processit
464 2009 614 2084 fluminis
623 2041 632 2102 ;
647 2032 682 2085 et
697 2016 808 2115 petiit,
819 2017 856 2092 li.

129 2120 320 2227 ‘cereifibt
332 2142 399 2214 fine
413 2140 582 2243 periculo,
598 2141 633 2214 in
649 2168 739 2228 eam,
750 2169 856 2243 quam

141 2274 241 2345 armis
256 2272 471 2363 tenebamus,
485 2268 603 2367 egredi
618 2270 737 2368 ripam,
751 2295 792 2342 ac
810 2272 858 2345 vi·

142 2398 226 2472 dere
244 2399 434 2474 Caesarem.
463 2398 541 2470 data
556 2393 687 2497 petenti
702 2393 856 2475 facultas.

146 2545 221 2598 turn
235 2524 374 2624 adpulso
388 2529 503 2609 lintre,
515 2545 550 2598 et
564 2523 623 2599 diu
638 2527 761 2600 tacitus
776 2553 859 2604 con·

146 2653 330 2754 templatus
341 2655 532 2737 Caesarem,
548 2653 695 2726 ‘Nostra
706 2653 859 2753 quidem,

150 2785 162 2839 ‘-
178 2782 300 2882 inquit,
311 2775 393 2856 furit
400 2783 579 2878 juventus,
590 2807 693 2883 quae,
704 2783 865 2859 cumres-
