1890 3240
322 113 622 184 ROMANAE
657 131 728 181 ιη.
749 122 790 184 Il.
888 144 929 213 5¹1

198 233 288 333 quin
302 230 449 301 alterum
467 225 570 297 etiam
586 228 803 301 continuavit
823 230 927 308 tribu·

197 382 331 439 natum.
372 356 466 429 hunc
492 351 535 426 L.
568 353 732 455 Opimius
758 357 840 446 Cos.
863 362 927 460 qui

110 512 113 518 ·
191 508 335 592 ,praetor
356 482 530 581 Fregellas
546 480 734 569 exciderat,
766 482 928 584 persecu·

188 634 257 701 ¹tus
271 612 386 695 armis,
403 634 542 710 unaque
559 607 725 705 Fulvium
741 609 926 705 Flaccum,

196 733 410 813 consularem
440 762 480 808 ac
514 735 760 835 triumphalem
795 740 926 833 virum,

197 892 310 965 aeque
341 892 446 967 prava
480 865 693 959 cupientem,
739 889 847 963 quem
881 866 924 942 C.

196 995 385 1067 Gracchus
402 990 568 1062 inlocum
587 988 725 1063 Tiberii
740 982 856 1068 nattis
872 1017 926 1070 111

195 1120 313 1193 virum
338 1118 587 1202 nominaverat,
616 1141 769 1217 eumque
796 1115 927 1215 socium

194 1238 535 1349 'regalisadlirmsetat
545 1249 733 1349 potentiae,
744 1268 856 1323 morte
867 1243 923 1325 ad·

160 1378 167 1389 '
192 1376 279 1453 licit.
309 1376 343 1453 id
357 1406 463 1455 unum
480 1376 610 1453 nefarie
625 1377 669 1450 ab
686 1380 830 1478 Opimio
845 1404 920 1478 pro·

158 1606 162 1613 ι
194 1501 321 1593 ditum,
340 1507 578 1609 quodcapitis,
595 1531 667 1578 non
682 1504 795 1579 dicam
815 1505 924 1580 Grac·

191 1633 265 1717 ehi,
294 1634 353 1705 sed
371 1636 458 1707 civis
475 1635 629 1707 Romani
647 1633 798 1731 pretium
815 1629 849 1703 se
865 1628 924 1707 cla·

194 1775 329 1839 turum,
345 1752 452 1854 idque
464 1781 548 1829 auro
560 1754 784 1855 repensurum
800 1778 924 1857 propo·

193 1882 272 1961 suit.
302 1883 452 1959 Flaccus
468 1885 504 1956 in
520 1880 699 1958 Aventino
713 1883 923 1971 armatosad

194 2034 347 2112 pugnam
371 2014 480 2099 ciens,
494 2037 575 2087 cum
592 2011 664 2088 filio
678 2017 922 2116 majorejuguv

191 2118 283 2217 latua
300 2142 359 2216 est.
390 2143 574 2218 Gracchus
593 2139 810 2245 profugiens,
837 2162 920 2219 cum

187 2266 626 2372 jamcomprehenderetur
641 2273 684 2345 ab
699 2273 752 2359 iis,
771 2298 859 2373 quos
870 2272 919 2345 0

192 2396 324 2498 -pimiuo
341 2401 486 2490 miserat,-
504 2404 680 2479 cervicem
695 2404 842 2504 Euporo
858 2397 923 2473 ser·

194 2548 242 2598 vo
259 2525 430 2626 praebuit,
456 2532 517 2628 qui
541 2554 611 2603 non
638 2528 772 2628 segnius
789 2524 824 2597 se
850 2520 920 2626 ipsc

193 2653 383 2741 interemit,
407 2677 510 2753 quam
531 2650 672 2724 domino
692 2649 918 2733 succurreret

194 2806 269 2885 quo
287 2779 350 2871 ,dia
378 2779 566 2885 lingularis,
585 2776 769 2882 Pomponii
789 2777 918 2881 equitia

309 2924 314 2929 .
537 2893 574 2930 Π.
