1890 3240
186 111 247 175 106
333 156 339 167 ·
396 111 737 178 HISTORIAE

180 213 241 293 illc
250 220 457 294 conscientia
466 221 648 306 acciverat,
666 219 750 297 fassa
759 229 904 324 provin·

179 356 232 428 cia
243 354 302 427 est.
319 352 421 423 Creta
431 350 571 424 Metelli
581 348 684 425 dustu
693 351 901 452 longissimae

60 584 63 589 ,
179 475 421 557 libertatisfine
432 477 585 552 multata.
604 481 748 580 etSyria
758 482 899 558 Pontus·

177 635 247 709 que
269 607 333 680 Cn.
352 604 506 706 Pompeji
523 607 659 680 virtutis
674 633 897 687 monumenta

175 737 264 812 sunt.
295 735 427 808 Gallias
441 734 590 834 primum
605 733 763 810 Domitio
778 759 814 810 et
829 738 926 812 Fa-³⁹

175 868 234 940 bio
243 863 361 965 nepoti
372 862 494 955 Paulli,
509 864 570 963 qui
580 861 825 964 Allobrogicus
834 892 899 939 vo·

173 995 340 1086 catuscst,
350 996 489 1067 intratas
499 1018 581 1067 cum
591 996 762 1079 exercitu,
773 1023 897 1095 magna

172 1150 254 1196 mox
264 1118 362 1196 clade
371 1122 482 1194 nostra
493 1121 591 1224 saepe
600 1144 637 1196 et
650 1121 897 1199 adfecuvimus

90 1346 93 1352 ¹
170 1244 745 1342 etamifimus,s0dfulgcntiliimum
755 1253 794 1324 C.
805 1252 896 1325 Cae·

69 1391 72 1395 ’
109 1470 113 1480 s
168 1375 248 1450 faris
259 1400 346 1475 opus
362 1374 448 1447 iniis
458 1370 684 1474 conspicitur:
709 1376 841 1477 quippe
851 1404 891 1451 e·

162 1506 221 1604 jus
239 1502 344 1578 ductu
363 1499 588 1602 auspiciisque
603 1497 775 1586 iniussae,
801 1528 894 1602 pene

167 1631 275 1719 idem,
297 1629 394 1733 quod
404 1651 677 1706 totustcrrarum
688 1631 782 1705 orbis
794 1632 892 1732 igna-

168 1756 448 1833 varmconserunt
461 1758 680 1858 stipendium.
704 1758 889 1836 abeodem

167 1876 252 1959 rasa
264 1884 445 1956 Numidia..
475 1882 837 1985 cuidamperuomuit
851 1888 891 1963 1-

166 2010 330 2096 sauricus‚
348 2031 384 2083 et
402 2011 476 2110 post
490 2011 622 2086 bellum
637 2011 889 2091 Antiochinum

165 2137 275 2217 Vulso
284 2138 441 2213 Manlius
453 2139 739 2237 Gallograeciam.
758 2144 888 2242 Bithy-

165 2267 232 2352 nia,
251 2287 289 2340 ut
299 2264 544 2367 praediximus,
558 2247 758 2340 testamento
768 2265 885 2342 Nico·

164 2392 273 2470 medis
282 2393 395 2466 relisla
409 2388 623 2472 hereditaria.
644 2391 691 2467 D.
705 2391 882 2494 Augustus

164 2544 300 2623 praeter
313 2519 496 2622 Hispanias
504 2519 651 2622 aliasque
659 2545 791 2621 gentes,
802 2550 881 2622 qua·

167 2676 244 2724 rum
261 2653 368 2726 titulis
379 2649 491 2727 sorum
500 2654 574 2750 ejus
584 2656 763 2753 praenitet,
787 2678 879 2753 pene

160 2771 880 2883 idem,sa&aAegyptostipcndiaria,quan·
