1890 3240
232 122 398 186 ROMA
416 121 532 187 NAE
555 124 634 189 Ltn.
655 131 697 193 11.
798 150 865 212 227

106 237 108 240 Α
142 249 177 322 in
189 245 318 332 Africa,
334 245 599 347 splendidissimis
614 247 749 324 funiiuc
765 255 864 324 mini·

141 378 261 470 stetis,
277 401 347 449 non
366 374 567 462 merit0,sed
586 379 726 449 materia
746 378 865 479 adipis-

141 499 246 574 cendi
271 501 488 601 triumphalia
503 498 656 574 desecius
677 503 735 575 est.
764 523 800 574 et
817 503 861 577 A.

143 626 300 701 Licinius
310 626 430 702 Nerva
443 628 603 713 Silianus,
619 625 657 701 P.
670 626 860 715 Sihinnus,

140 781 246 854 quem
261 754 386 841 virum,
402 780 446 827 ne
457 757 517 854 qui
527 755 693 828 intellexit
704 753 860 855 quidem,
899 735 907 751 ⁸

139 882 277 958 abunde
291 886 433 956 miratus
451 881 512 964 est,
528 907 572 953 ne
587 880 672 954 nihil
689 906 759 953 non
776 884 861 982 opti-

138 1035 196 1081 mo
204 1002 521 1106 civi,s1mpliciffimo
529 1003 610 1078 duci
618 1006 860 1107 perisset‚ptae·

139 1127 254 1206 ferens
269 1133 462 1215 immatura,
475 1150 510 1202 et
522 1126 633 1203 fructu
644 1128 860 1229 amplissimae

139 1254 302 1357 principis
319 1255 498 1346 amicitiae,
516 1275 551 1327 et
568 1253 859 1328 consummatione

136 1382 274 1451 evectae
288 1381 324 1451 in
335 1375 527 1451 altiffimum
537 1400 789 1477 paternumque
799 1377 858 1452 fas-

136 1500 420 1600 tigiumimaginis
431 1495 584 1568 defeetus
594 1499 651 1569 est.
676 1499 799 1600 hurum
810 1502 856 1574 vi·

135 1648 254 1698 rorum
269 1622 434 1694 mentioni
449 1620 726 1719 fiquisquaefiffe
743 1648 798 1694 me
809 1621 856 1697 di-

135 1771 192 1823 cet
215 1748 353 1839 locum,
380 1742 546 1818 fatentem
569 1764 700 1843 arguet.
738 1773 855 1847 neque

137 1878 228 1951 enim
236 1869 855 1975 justusfinemendaciocandorapud

94 2003 245 2080 'thonos
258 2003 390 2077 crimini
404 2001 464 2076 est.
495 2000 654 2074 Tantum
668 1999 764 2102 quod
777 2001 854 2077 'ulti-

135 2155 228 2203 mam
241 2123 447 2229 imposuerat
456 2122 654 2200 Pannonico
664 2154 703 2200 ac
716 2127 854 2201 Delma·
927 2140 929 2145 ’

136 2259 204 2332 tico
222 2256 315 2332 bello
338 2245 457 2329 Caesar
477 2279 630 2337 manum,
650 2277 744 2334 cum,
764 2254 852 2324 intra

136 2385 291 2484 quinque
300 2381 522 2455 consummati
531 2379 616 2456 tanti
631 2377 745 2476 operis
763 2375 851 2462 dica,

135 2507 290 2592 funestae
308 2532 353 2580 ex
370 2506 557 2607 Germania
575 2501 749 2602 epistolae,
767 2502 852 2574 caefi

135 2634 233 2718 Vari,
257 2627 573 2728 trucidaturumque
596 2627 771 2724 legionum
796 2628 853 2699 tri·

136 2785 208 2848 um,
224 2753 437 2855 totidemque
452 2755 597 2839 alarum,
612 2773 647 2826 et
660 2748 717 2824 sex
733 2749 849 2823 cohor·

278 2880 280 2885 '
450 2862 511 2939 uf
