1890 3240
101 243 141 291 12
272 221 304 286 H
316 221 334 287 Ι
348 220 369 286 S
384 218 417 286 Τ
431 217 462 283 0
476 217 506 282 R
519 220 536 283 1
548 218 579 285 A
592 220 621 285 E

99 357 161 409 eos
184 330 374 433 appellatos
395 325 579 401 Thessalos
604 325 719 401 dicet:
749 329 829 403 red·

100 459 216 538 denda
232 461 297 532 erit
311 456 343 530 ei
358 457 458 542 ratio,
468 481 533 531 cur
547 481 738 556 numquam
747 478 829 532 ante

102 592 197 665 hunc
212 583 449 685 insequentem
463 580 681 670 Thessalum,
693 609 732 658 ea
743 611 829 686 gens

102 715 140 792 id
149 715 294 790 nominis
308 713 534 818 usurpaverit.
560 712 676 814 paullo
690 735 769 790 ante
783 714 830 790 A·

102 846 203 932 letes,
222 842 336 919 sextus
350 843 395 916 ab
413 841 584 926 Hercule,
603 837 772 943 Hippotis
787 840 830 915 fi·

104 968 186 1056 lius,
199 968 421 1053 Corinthum,
437 970 527 1066 quac
538 984 638 1037 antea
652 961 765 1038 suerat
781 964 830 1038 E·

103 1094 233 1197 phyre,
250 1091 396 1165 claustra
414 1087 638 1190 Peloponnesi
655 1093 831 1167 continen-

63 1302 65 1306 ,
105 1244 190 1309 tem,
217 1225 253 1296 in
276 1222 407 1296 Isthmo
429 1217 596 1296 condidit.
627 1248 742 1323 neque
767 1223 830 1307 est,

105 1351 203 1455 quod
223 1351 387 1425 miremur
405 1350 449 1423 ab
477 1349 639 1426 Homero
662 1351 831 1424 nominari

70 1568 81 1581 „
107 1478 318 1554 Corinthum
332 1509 342 1573 ;
357 1504 437 1556 nam
452 1505 496 1554 ex
511 1478 652 1582 persona
664 1488 787 1580 poetae
798 1498 834 1552 et

87 1598 196 1682 vha'uc
213 1604 350 1693 urbem,
369 1628 404 1682 et
424 1606 585 1710 quasdam
599 1605 728 1682 Ionum
743 1605 834 1679 colo-

105 1735 179 1808 nias
189 1731 230 1806 iis
244 1735 441 1812 nominibus
458 1735 621 1840 appellat,
638 1733 836 1834 quibusflvo

104 1856 272 1935 cabantur
285 1885 397 1950 aetate
406 1867 492 1960 ejus,
507 1865 619 1935 multo
634 1864 708 1958 post
725 1862 833 1931 Ilium

104 2000 246 2082 captum
263 1982 432 2056 conditae.
462 1979 691 2056 Athenienses
708 1982 742 2053 in
756 1980 849 2055 Etr-r

105 2110 194 2185 boea
211 2109 375 2186 Chalcida
395 2131 431 2186 et
445 2109 617 2184 Eretriam
627 2109 757 2184 colonis
772 2134 833 2183 oc·

106 2259 298 2336 cupavere;
317 2233 583 2310 Lacedaemonii
594 2237 628 2308 in
640 2235 717 2309 Afia
727 2237 833 2333 Mag·

108 2364 246 2436 nesram.
272 2388 337 2435 nec
363 2364 474 2437 multo
490 2365 563 2464 post
581 2360 836 2452 ChalcidenseS‚

112 2490 195 2575 orti,
214 2509 253 2561 ut
268 2488 510 2587 praediximus',
529 2491 670 2578 Atticis,
700 2492 839 2592 Hippo-

110 2617 166 2694 cle
183 2637 219 2691 et
233 2616 458 2717 Megasthene
474 2618 633 2708 ducibus,
654 2622 782 2694 Cumas
797 2621 834 2690 in

111 2742 212 2821 Italia
230 2744 477 2839 condiderunt;
501 2750 604 2847 hujus
629 2744 735 2819 clasfis
754 2769 833 2815 cur-

112 2868 186 2947 sum
200 2876 265 2951 esse
279 2875 445 2954 diredlum
466 2874 525 2964 elii
538 2871 720 2951 columbae
738 2889 834 2946 aute·
