1890 3240
195 79 497 192 antennae
523 123 598 192 nn·
624 133 666 196 n.
765 155 831 221 229

111 246 240 322 summa
254 241 390 318 feritate
404 246 625 334 versutissimi,
637 271 827 355 natumque

108 368 289 448 mendacio
303 396 424 468 genus,
441 373 634 457 famulantes
650 374 741 450 fleas
755 380 824 453 liti·

107 521 167 568 um
190 492 304 605 serien
323 512 358 567 et
375 520 468 569 nunc
482 519 713 598 ¹provocantes
737 503 823 576 alter

108 620 255 695 alterum
270 620 404 717 injuria,
417 647 511 698 nunc
528 646 666 722 agentes
685 631 822 726 gratias,

106 744 201 845 quod
216 772 271 820 eas
288 747 583 845 Remanajustitia
598 748 724 836 finiret,
740 749 821 834 feri,-

106 870 222 987 tasque
236 871 294 946 sua
305 873 458 945 novitate
472 873 665 971 incognitae
675 872 820 974 discipli-

101 1025 169 1074 nae
186 997 392 1083 mitesceret,
413 998 558 1073 etsolita
579 1002 680 1074 armis
697 999 821 1074 discer-

55 1100 59 1109 Ι
102 1126 138 1198 ni
147 1126 228 1221 jure
241 1124 520 1211 terminarentur,
536 1127 573 1199 in
589 1123 753 1199 summam
769 1125 820 1198 so·

101 1248 255 1325 cordiam
278 1247 472 1353 perduxere
500 1250 741 1350 Qrinffiiium,
766 1252 819 1327 us·

102 1403 172 1477 que
190 1401 245 1463 eo,
264 1395 303 1449 ut
326 1376 360 1448 se
385 1397 578 1472 praetorem
598 1376 767 1451 urbanum
783 1381 820 1451 in
871 1397 875 1405 ’

100 1497 245 1595 forojus
258 1497 388 1580 dicere,
403 1521 474 1568 non
488 1497 525 1567 in
538 1495 660 1570 mediis
676 1502 852 1574 Germa-x

99 1620 818 1720 niaefinibusexercituipraeessecrederet.

102 1749 333 1846 tumjuvenis,
348 1771 475 1846 genere
489 1745 625 1831 nobilis,
640 1773 744 1837 manu
754 1745 818 1822 for·

102 1879 158 1983 tis,
173 1872 267 1949 sensu
281 1873 387 1959 celer,
398 1871 684 1946 ultra-barbarum
701 1899 817 1975 prom÷

101 2001 316 2100 tusingenio,
328 2000 466 2084 nomine
477 2000 668 2086 Arminius,
679 2000 827 2100 Sigime-.

102 2127 132 2200 ri
149 2126 311 2228 principis
327 2126 438 2225 gentis
452 2127 524 2223 ejus
540 2123 642 2212 filius,
661 2125 817 2206 ardorem

101 2254 204 2327 animi
219 2254 318 2329 vultu
335 2252 509 2351 oculisque
523 2248 730 2350 praeferens,
741 2248 821 2336 adse,

103 2376 192 2450 duus
217 2375 357 2450 militiae
378 2357 515 2468 ,nostrae
539 2372 659 2471 prioris
685 2398 814 2458 comet,
842 2443 845 2449 .

93 2484 817 2602 jureetiamcivitatisRomanaejuseques·

105 2629 165 2701 tris
183 2610 385 2719 consecutus
403 2622 541 2722 gradus,
562 2624 698 2722 segnitia
718 2621 815 2697 ducis
893 2621 898 2631 ’

105 2753 359 2831 inoccafionem
381 2748 515 2823 sceleris
533 2748 610 2825 usus
635 2750 699 2846 est3
724 2748 816 2850 haud

397 2858 505 2942 Fit
