1890 3240
207 128 505 200 ROMANAE
528 139 599 194 nu.
620 134 662 199 11.
770 156 812 220 77

88 266 153 314 nae
169 239 250 313 Cos.
266 238 495 326 abdicaverat,
518 240 627 313 incisis
640 244 742 317 venis·
755 245 810 319 su·

86 365 295 470 perfusoque
325 368 487 441 altaribus
518 365 692 467 languine,
725 398 812 473 quos

53 554 59 566 .
84 495 183 595 saepe
193 520 257 597 pro
268 494 375 569 salute
386 492 595 596 reipublicae
605 497 730 574 flamen
748 501 809 576 Di·

85 621 148 693 alis
162 641 321 722 precatus
336 642 410 694 erat
424 619 522 709 deos,
537 648 597 697 coa
612 626 647 698 in
659 621 809 702 exsecra·

86 750 215 822 tionem
240 745 617 850 Cinnae'partiumque
634 757 706 850 ejus
732 774 808 830 turn

78 877 397 978 precatus,·'optinre
406 873 449 948 de
462 875 637 976 republica
647 880 808 953 meritum

85 1001 240 1103 spiritum
256 998 414 1075 reddidit.
444 1001 499 1075 M.
515 997 808 1104 Antn'nius,prin·

87 1153 169 1228 ceps
179 1128 324 1203 civitatis
333 1130 438 1229 atque
451 1129 683 1230 eloquentiae,
705 1129 809 1230 gladi-

86 1258 115 1331 is
134 1256 294 1345 militum,
309 1283 397 1360 qnos
405 1256 490 1360 ipsos
504 1255 661 1333 facundia
673 1256 729 1332 sua
739 1285 810 1332 mo*

10 1453 12 1458 ,
87 1406 180 1463 ratus
193 1409 278 1476 erat,
300 1387 390 1486 jullu
402 1387 509 1460 Marii
518 1388 810 1486 Cinnaequecon¹

84 1509 188 1584 fellus
202 1513 263 1585 est.
292 1513 353 1609 Q
363 1511 522 1595 Catulus,
533 1532 568 1583 et
581 1512 726 1583 aliarum'
739 1513 809 1583 vir·

47 1704 50 1709 .
90 1654 256 1712 autumet
274 1637 360 1709 b'elli
376 1637 539 1709 Cimbrici
562 1637 682 1734 gloria,
703 1644 810 1734 'quac

87 1763 137 1838 illi
157 1789 238 1837 cunr
262 1760 385 1835 Mario'
406 1762 596 1834 communis
615 1758 740 1846 fuerat,
758 1772 830 1869 cc(

86 1891 304 1977 leberrimus',
323 1886 456 1963 cum'ad
471 1908 617 1961 mortem
632 1891 811 1990 conquire·¹

89 2040 199 2106 retur,
216 2018 381 2093 conclusit
399 2015 432 2090 se
446 2016 524 2091 loco
538 2042 650 2119 nuper
664 2018 759 2093 calce
773 2028 811 2091 a-'

63 2240 66 2245 .
89 2157 241 2248 re'naque
251 2145 435 2250 perpolito,
452 2145 630 2247 inlatoqu'e
644 2147 713 2244 igni
718 2174 728 2230 ,·
747 2134 808 2244 qui

89 2277 160 2351 virn
169 2275 282 2350 odoris
290 2275 466 2363 excitaret,
476 2273 571 2346 limul
579 2274 706 2346 exitiali
716 2271 811 2345 haus·

91 2421 129 2470 to
151 2397 291 2497 spiritu,
311 2401 410 2473 fimul
424 2399 554 2474 incluso
569 2400 638 2492 suo,
663 2419 811 2474 mortem

10 2619 12 2623 v
90 2523 207 2620 magis·
225 2540 336 2606 voto,
363 2548 468 2621 quam
492 2525 633 2598 arbitrio
656 2525 811 2598 inimico·

92 2677 170 2727 rum
184 2650 281 2724 obiit.
309 2650 424 2722 omnia
443 2670 539 2721 erant
553 2653 749 2751 praecipitia
774 2656 812 2730 in

94 2778 281 2881 rupublica,
296 2802 362 2854 nec
372 2796 488 2964 tufa
505 2773 617 2852 adhuc
632 2777 810 2883 quisq'uaur'

468 2914 486 2970 2
