1890 3240
107 131 166 198 128
342 131 401 195 HI
417 131 438 194 S
453 130 485 192 Τ
500 128 530 192 O
544 128 573 191 R
587 130 602 191 1
615 129 645 191 A
665 131 693 192 E

104 257 218 328 minus
229 275 353 329 etcum
367 251 486 335 vellet,
504 250 572 350 ipse
585 249 824 353 exercitusque

103 384 256 459 classibus
272 381 481 482 perveniret,
494 400 529 452 et
538 381 649 480 primo
660 406 748 480 pene
758 380 824 452 cas·

103 512 163 582 tris
180 507 335 608 Pompeii
354 504 410 579 sua
428 508 605 604 jungeret,
621 533 703 580 mox
720 507 824 580 etiam

102 625 274 706 obfidione
302 631 591 731 munimentisque
614 659 696 707 eum
728 660 824 709 eom·

101 763 320 864 plesseretur.
357 760 415 835 sed
439 763 553 861 inopia
575 760 823 850 obfidentibus,

101 865 208 992 quam
224 889 368 976 obseffis,
384 911 456 963 erat
472 892 617 989 gravior.
648 911 722 964 tum
740 891 824 966 Bal-

101 1021 168 1096 bus
180 1016 375 1106 Cornelius,
386 1018 579 1094 excedente
592 1022 776 1093 humanam
788 1018 825 1092 fi-

102 1148 182 1221 dem
197 1150 401 1232 temeritate,
418 1147 581 1246 ingressus
600 1149 705 1222 castra
720 1148 823 1222 hosti-

101 1298 161 1346 um
177 1270 374 1371 saepiusque
389 1296 470 1345 cum
487 1274 642 1347 Lentulo
658 1277 825 1350 conlocu-

101 1419 170 1485 tus,
186 1400 268 1474 Cos.
278 1397 456 1476 dubitante
465 1403 585 1504 quanti
596 1400 629 1475 se
639 1403 822 1491 venderet,

98 1530 165 1604 illis
175 1532 393 1606 incrementis
404 1529 487 1608 fecit
497 1537 601 1620 viam,
613 1534 740 1634 quibus
752 1562 823 1609 non

103 1656 334 1760 Hispaniensis
352 1681 472 1747 natus,
498 1660 555 1736 sed
579 1658 758 1762 Hispanus
786 1664 822 1735 in

100 1788 315 1889 triumphum
323 1810 358 1861 et
365 1789 605 1889 pontificatum
614 1787 821 1890 adsurgeret,

100 1911 271 2009 fieretque
294 1938 337 1984 ex
355 1915 489 2012 privato
510 1914 705 1988 consularis.
738 1920 825 1991 vari·

99 2058 194 2110 atum
212 2036 336 2111 deinde
360 2041 513 2138 proeliis,
537 2042 595 2116 sed
622 2070 692 2118 uno
716 2046 822 2145 longe

99 2163 436 2267 magisPompeianis
446 2165 620 2268 prospero,
632 2197 703 2269 quo
712 2177 822 2271 gravi·

98 2293 682 2396 terimpulfisuntCaesarismilites.
716 2298 849 2376 Tum5²

100 2425 222 2502 Caesar
239 2452 320 2500 cum
335 2427 489 2500 exercitu
505 2423 646 2503 fatalem
659 2430 820 2503 vistoriae

98 2557 177 2631 suae
188 2554 395 2629 Thessaliam
409 2558 516 2656 petiit.
545 2556 818 2659 Pompeiuslon-

98 2709 142 2778 ge
164 2683 294 2758 diversa
315 2687 387 2760 aliis
407 2684 625 2762 suadentibus
650 2688 820 2786 (quorum

98 2809 256 2910 plenique
278 2815 521 2904 hortabantur,
545 2837 585 2891 ut
611 2814 648 2890 in
678 2812 816 2892 Italiam
