1890 3240
233 111 633 180 ROMANAELn.
655 123 696 184 11.
787 139 870 207 ¹79‘.

133 238 197 314 trio
207 240 383 314 vistoriam
393 257 645 339 temperaturus
655 232 851 343 fuerinqui
942 299 944 308 .

131 366 175 440 ad
189 370 262 466 ejus
277 366 452 440 arbitrium
466 363 590 440 direxit
603 365 733 466 fugam.
756 369 851 445 idem

126 494 260 569 locatus
274 498 309 570 in
325 513 413 567 terra
428 489 510 565 fecit
521 496 707 580 exercitus,
723 519 803 567 cum
813 493 849 567 se
873 506 876 513 ’

79 675 82 679 -
128 617 294 693 Canidius
315 619 491 721 praecipiti
514 613 595 715 fuga
620 619 778 721 rapuiffet
803 617 848 695 ad

99 733 329 819 ”Antonium
370 740 472 842 Qud
495 741 554 815 ille
582 739 654 816 dies
677 744 863 820 terrarum'

125 871 200 945 orbi
223 871 436 973 praestiterit,
456 893 500 940 ex
514 868 638 966 quoin
655 870 760 967 quern
781 871 845 941 sta·

124 1014 200 1068 turn
213 990 421 1093 ‘pervenerit
442 987 578 1063 fortuna
597 991 747 1091 publica,
767 993 847 1092 quis

124 1119 163 1191 in
179 1120 246 1191 hoc
262 1113 450 1191 transcursu
466 1112 535 1188 tani
551 1119 648 1189 artati
664 1119 775 1219 operis
791 1143 847 1190 ex·
914 1178 923 1201 ,

123 1244 280 1344 primere
289 1237 431 1316 audeat?
446 1243 583 1316 vistoria
599 1268 683 1316 vero
698 1240 763 1316 fuit
779 1242 845 1317 cle-

122 1364 340 1460 mentiffinrnss
357 1393 421 1441 nec
437 1367 615 1468 quisquam
628 1370 844 1463 interemtus,

121 1494 181 1567 nisr
199 1490 396 1593 pauc'iffimi,
415 1510 450 1561 et
463 1492 487 1561 ii
503 1492 562 1587 qui
578 1487 754 1596 deprecari
772 1496 843 1591 qui·

74 1625 76 1631 ’
105 1615 203 1691 ·dem
218 1613 280 1716 pru
295 1611 328 1686 se
338 1639 409 1685 non
422 1610 635 1688 sustinerent.
658 1640 702 1688 ex
717 1642 784 1715 qua
798 1616 845 1689 le·

121 1741 229 1828 nitate
246 1738 344 1811 ducis
361 1737 477 1836 colligi
500 1739 634 1838 potuit,
652 1765 758 1838 quem
782 1763 844 1815 aut

122 1867 221 1943 initio
233 1864 470 1940 'triumviratus
486 1862 549 1949 sui,
574 1886 634 1938 aut
655 1866 697 1938 in‘
712 1869 843 1973 eampis

122 1989 316 2094 Philippiis,
330 1991 576 2100 srsrcylicuiffet',
587 1993 746 2068 vinitoriae
761 1993 849 2070 suae<

106 2120 272 2197 {asturus
295 2117 400 2196 fuerit
424 2113 620 2219 [modum]
645 2143 679 2196 at
707 2123 840 2198 sotrum

121 2247 164 2324 L.
185 2248 322 2325 Arunrii
342 2248 447 2349 prisca
470 2249 635 2348 gravitate
659 2247 839 2320 celeberri·

109 2373 171 2445 ·mi
186 2370 284 2456 fides,
306 2377 387 2443 mox
408 2370 467 2446 diu
488 2371 668 2443 clementia
691 2370 837 2458 luiterus

105 2493 181 2568 vsua
200 2491 333 2578 caesar,
353 2493 498 2569 servavit
515 2494 732 2569 incolumem.
764 2521 836 2569 non

116 2638 354 2721 ¹praetereatur
369 2618 472 2721 Asinii
483 2617 646 2694 Pollionis
658 2617 783 2691 fautum
798 2640 833 2693 et

110 2744 248 2824 ditium
270 2744 509 2836 memorabile3
537 2770 684 2846 namque
701 2770 779 2820 cunr
796 2744 829 2820 se
