1890 3240
174 162 229 228 '22
309 190 314 201 ·
357 142 703 214 HISTORIAE

186 254 327 331 naribus
338 252 579 340 eminentibus,
591 255 759 327 extraitus
770 252 905 330 arundi-

108 412 111 417 ⁴
185 406 282 470 neto,
291 387 380 457 circa
390 379 553 484 paludem
563 381 735 466 Maricae,
753 380 789 454 in
797 406 906 481 quam

184 511 230 597 se,
258 508 393 606 fugiens
421 500 650 583 eonseitantet
673 509 790 584 Sullae
807 511 902 610 equi·

176 656 249 720 -tes,
265 631 456 722 abdiderat,
479 636 601 733 injecto
624 635 661 708 in
678 635 810 711 collum
827 634 903 710 loro

180 763 219 837 in
241 786 416 838 carcerem
438 763 731 840 Minturnensium
742 764 836 862 juffu
853 790 904 840 11.

180 891 246 966 viri
265 891 448 993 perductus
463 894 523 970 est.
552 891 596 968 ad
614 919 721 996 quem
732 890 904 968 ,interfici-

174 1019 309 1096 endum
317 1020 432 1101 miss'us
444 1046 525 1111 cum
541 1022 655 1125 gladio
663 1021 779 1099 servus
792 1022 903 1124 publi-

175 1156 251 1242 cum
277 1153 417 1226 natione
432 1152 645 1239 Germanus,
662 1150 725 1252 qui
739 1146 831 1224 forte
846 1149 893 1222 ab

173 1273 382 1374 imperatore
391 1262 448 1362 eo,¹
463 1278 557 1350 bello
567 1277 759 1362 Cimbrico,
776 1298 899 1379 captus

54 1476 58 1483 ,
176 1422 263 1490 erat,
283 1425 322 1477 ut
336 1407 475 1504 agnovit
491 1405 662 1490 Marium,
685 1428 811 1502 magno
825 1406 901 1503 eju-

172 1527 253 1605 -latu
268 1533 486 1633 expromenti
510 1529 782 1632 indignationem
800 1528 900 1604 casus

175 1659 261 1734 tanti
270 1660 349 1750 viri,
375 1661 505 1761 abjesto
512 1660 628 1765 gladio
637 1657 899 1765 profugitecar·

172 1813 268 1866 tere.
306 1808 382 1866 'tum
404 1795 514 1879 cives,
543 1792 586 1866 ab
609 1792 718 1874 hoste,
746 1782 896 1861 misereri

172 1912 741 2016 paulinanteprincipieviridoffl‚
754 1911 899 1988 instruc·-

174 2047 251 2111 tum
276 2063 358 2114 eum
373 2041 502 2114 viatico
517 2039 722 2142 conlataque
736 2040 842 2135 veste,
857 2044 894 2116 in

162 2162 554 2267 ¹navemimposueruni
583 2166 699 2252 atille,
711 2165 893 2246 adsecutus

172 2295 264 2370 circa
287 2293 473 2369 Aenariam
491 2293 615 2380 filium,
634 2291 770 2368 cursum
784 2294 821 2367 in
838 2294 891 2370 A-

172 2418 293 2498 fr'icam
316 2421 457 2516 direxit;
490 2424 699 2525 inopemque
727 2423 834 2498 vitam
852 2424 889 2498 iu

171 2554 310 2651 tugurio
325 2552 501 2626 ruinarum
512 2551 827 2650 Carthaginenfium
841 2571 888 2624 to·

172 2676 309 2754 letavit:
339 2706 419 2755 cum
439 2678 587 2763 Marius,
598 2677 784 2780 adspiciens
801 2674 888 2751 Car·

172 2805 361 2907 thaginem,
384 2808 446 2886 <illa
460 2809 597 2886 intuens
606 2807 774 2901 Marium,
799 2801 886 2883 aiter
