1890 3240
104 180 145 247 28
274 172 335 238 HI
350 170 370 234 S
386 168 419 232 Τ
433 169 464 230 0
478 165 507 229 R
520 169 537 230 I
550 167 580 229 A
593 165 620 231 E

103 288 207 362 etiam
231 309 275 356 ex
300 279 558 380 provocatione,
582 273 651 377 ipse
671 271 828 351 modicus

102 417 241 498 virium,
259 408 416 482 immanis
434 404 677 506 magnitudinis
695 407 830 480 hossem

103 535 334 618 inteiemiffet.
357 560 505 634 eamque
520 534 653 626 urbem,
665 536 770 634 magis
781 536 829 606 in·

14 724 16 728 -
104 665 196 744 vidia
214 666 362 767 imperii,
381 690 486 765 quarn
504 663 583 735 ullis
602 665 674 758 ejus
693 687 829 765 tempo·

105 799 151 872 ris
167 792 416 870 noxisinvisanr
429 793 592 865 Romano
602 782 745 876 nomini,
756 789 833 865 fun·

106 924 198 1000 ditus
209 923 351 1009 sustulit,
363 919 605 1022 fecitquesuae
616 920 752 994 virtutis
763 947 834 993 mo·

106 1070 327 1134 numentum,
352 1045 447 1147 quod
464 1043 577 1118 fuerat
595 1049 650 1120 avi
668 1049 741 1146 ejus
758 1046 832 1119 cle-

106 1180 268 1252 mentiae.
294 1177 467 1270 Carthago
482 1172 594 1246 diruta
606 1174 667 1257 est,
680 1199 761 1246 curn
771 1173 834 1245 ste·

108 1305 196 1379 tiiiet
217 1301 314 1374 annis
344 1323 545 1373 ucnxvtr.
575 1298 700 1372 abhinc
724 1284 834 1374 annos

110 1452 304 1519 cuxxvtr.
330 1426 396 1499 Cn.
419 1423 582 1498 Cornelio
599 1424 766 1513 Lentulo,
788 1427 833 1502 L.

107 1557 286 1650 Mummio
298 1555 395 1628 Coss.
405 1553 499 1625 hunc
511 1550 617 1628 finem
626 1554 747 1628 habuit
760 1555 834 1627 Ro·

106 1683 199 1758 mani
220 1681 355 1783 imperii
380 1679 553 1780 Carthago
572 1681 728 1774 aemula3
752 1706 835 1754 cum

108 1837 179 1910 qua
206 1813 337 1882 bellare
365 1813 509 1902 majores
541 1810 645 1878 nostri
685 1833 834 1906 coepere

111 1933 259 2012 Claudio
283 1954 318 2006 et
342 1933 470 2005 Fulvio
498 1931 595 2004 Coss.
619 1954 699 2007 ante
726 1960 834 2011 annos

112 2087 429 2160 cccxcv1,quam
444 2079 497 2144 tu,
510 2059 566 2134 M.
577 2063 705 2159 Vinici,
717 2067 838 2140 consu-

111 2195 222 2267 latum
247 2192 363 2265 inires.
387 2192 434 2262 ita
454 2216 516 2290 per
533 2212 640 2266 annos
661 2221 756 2269 cxv.
774 2217 835 2270 aut

110 2318 243 2394 bellum
272 2321 362 2392 inter
390 2343 449 2392 eos
474 2319 635 2420 populos,
664 2343 723 2398 aut
751 2324 835 2397 belli

112 2450 340 2552 praeparatio,
354 2467 413 2520 aut
423 2445 612 2550 infidapax
629 2449 704 2527 fuit.
720 2430 840 2556 neque'

112 2577 146 2652 se
159 2582 287 2667 Roma,
296 2583 370 2680 jam
382 2600 550 2653 tetrarum
569 2581 653 2656 orbe
663 2583 835 2683 superato,

112 2701 265 2781 securam
277 2707 422 2809 speravit
431 2703 682 2796 fore‚finomen
693 2703 835 2804 usquam

113 2831 229 2907 stantis
245 2855 399 2924 maneret
415 2831 652 2934 Carthaginis;
666 2813 753 2904 adeo
766 2818 849 2915 orii„-
