1890 3240
258 91 659 187 Romanunm.
679 128 722 192 11.
815 133 853 197 ⁶1

136 228 275 302 viaoria
295 225 434 302 videtur
455 227 611 303 meruiffe
634 232 784 325 Marius,
810 264 857 315 ne

133 358 212 456 ejus
249 358 320 432 nati
363 358 610 457 rempublicam
650 366 855 464 poeniteret,

122 510 175 558 -ac
192 485 282 559 bona
298 483 394 593 malis
409 485 605 588 repensaffe.
639 487 755 571 sextus
769 520 855 572 con·

131 607 260 686 sulatus
305 610 414 687 veluti
447 616 638 713 praemium
657 617 692 690 ei
713 623 851 697 merite
872 696 882 713 ,

131 765 210 814 rum
227 736 335 814 datus.
364 762 435 813 non
452 760 568 815 tamen
581 742 685 840 hujus
705 747 854 823 consula·

130 883 187 938 tus
222 861 403 939 fraudetur
427 862 551 960 gloria3
609 890 681 965 quo
715 868 854 949 Servilii

124 988 325 1072 Glauciae,
347 980 592 1089 Saiurninique
611 988 854 1093 Apulejisuro·

128 1140 217 1201 rem,
237 1114 441 1189 continuatis
455 1114 647 1192 honoribus
662 1121 852 1222 rempubli-

75 1328 79 1335 ,
127 1272 204 1321 cam
214 1245 450 1333 lacerantium,
480 1244 798 1352 etgladiis'quoque
813 1270 850 1327 et

126 1374 233 1453 caede
248 1377 387 1452 comitia
406 1374 675 1464 discutientium,
698 1378 780 1453 Cos.
800 1408 850 1455 ar·

125 1504 191 1577 mis
204 1503 433 1604 compescuit5
453 1502 679 1603 hominesque
697 1505 851 1581 exitiabi-

123 1631 178 1704 les
191 1632 229 1703 in
248 1631 400 1703 Hostilia
422 1632 518 1715 curia
543 1651 654 1705 morte
678 1631 850 1711 multavit.

97 1750 269 1830 ¹³Deinde
277 1752 460 1849 interjestie
470 1757 589 1853 paucis
603 1755 716 1840 annis,
745 1757 849 1835 trib'u·
898 1754 914 1825 ἶ

124 1903 245 1959 natum
254 1880 330 1958 iniit
343 1879 404 1957 M.
419 1878 544 1957 Livius
555 1880 701 1978 Drusus,
716 1885 769 1961 vir
787 1910 849 1965 no·

124 2011 312 2099 bilissimua,
348 2011 651 2114 eloquentiffimua,
693 2013 848 2095 sanuiffi·

122 2166 217 2230 mua,
239 2136 844 2245 melioreinemniaingenioanimo-

123 2292 207 2369 que,
222 2294 330 2371 quam
343 2264 482 2347 fortuna
495 2270 587 2347 usus.
615 2274 777 2373 quicum
800 2273 847 2346 se·

123 2391 221 2465 natui
230 2392 376 2493 priscum
385 2397 564 2473 restituere
573 2417 717 2499 cuperet
726 2396 846 2492 decus,

122 2540 160 2597 et
180 2517 374 2618 judicia'ab'
385 2527 560 2629 equitibus
578 2526 625 2637 {d
637 2552 720 2601 eum
737 2522 845 2599 trans·

121 2644 214 2725 ferre
237 2646 392 2725 ordinem
398 2679 422 2761 3'
435 2632 689 2754 (quippeeam
704 2652 844 2753 potesta·

124 2780 442 2885 temmuiequite's
455 2779 670 2863 Gracchanis
685 2782 840 2891 iegibus,

443 2893 528 2975 Ha
