1890 3240
174 207 176 210 v
229 112 528 182 ROMANAE
550 117 630 184 Lu.
652 125 694 188 11.
771 143 836 213 203

113 233 322 310 subduxerat
345 232 438 334 spem
462 238 576 334 magni
593 241 753 326 nominis,
766 245 838 340 jam

113 384 187 439 tum
205 361 414 465 reipublicae
428 361 484 437 sua
498 363 660 465 praefidia
674 365 834 441 reddide-

113 514 165 567 rat
172 525 182 586 5
199 496 330 594 quippe
340 513 418 566 ante
436 493 612 594 utriusque
626 495 751 567 horum
763 495 831 570 obi·
866 558 868 564 .

110 641 200 709 tum,
215 642 388 725 patretuo
402 620 443 697 P.
457 622 594 700 Vinicio
612 624 705 697 Cos.
723 623 832 698 Tibe..
881 717 883 721 ι

109 751 182 824 rius
192 751 305 837 Nero,
314 748 470 825 reversus
481 743 625 834 Rhodo,
637 747 829 825 incredibili
877 734 879 739 ’

107 873 236 949 laetitia
250 878 395 978 patriam
405 873 611 974 replevenat.
628 898 699 947 non
709 875 758 947 est
767 875 828 950 diu

105 1006 286 1103 cunctatus
306 999 428 1074 Caesar
451 999 647 1101 Augustus5
662 1028 777 1102 neque
791 1029 828 1079 e·

101 1129 178 1202 nim
194 1127 414 1230 quaerendus
438 1152 524 1218 erat,
549 1157 655 1231 quem
669 1134 840 1232 ,legeret;·

105 1253 164 1329 sed
179 1256 369 1356 legendus,
393 1262 453 1362 qui
477 1260 660 1337 eminebat.
694 1263 826 1363 itaque,

102 1382 198 1484 quod
221 1387 295 1487 post
308 1385 410 1462 Lucii
423 1409 586 1474 mortem,
605 1387 718 1462 adhuc
738 1389 825 1462 Caio

89 1553 91 1557 Δ
102 1511 198 1595 vivo,
208 1509 324 1583 facere
337 1512 507 1594 voluerat,
518 1531 624 1609 atque
635 1511 823 1585 vehemen-

102 1655 155 1708 ter
166 1656 380 1736 repugnante
394 1636 541 1709 Nerone
557 1657 630 1709 erat
643 1635 823 1722 inhibitus

101 1761 177 1861 post
192 1759 370 1860 utriusque
393 1758 662 1834 adolescentium
689 1760 824 1835 obitum

101 1886 218 1982 facere
234 1887 477 1991 perseveravit,
502 1907 543 1960 ut
566 1907 601 1961 et
621 1886 822 1960 tribuniciae

98 2015 274 2116 potestatis
289 2013 538 2089 consortionem
554 2014 820 2088 Neroni'conssi·

101 2163 228 2230 tueret,
242 2143 391 2218 multum
406 2142 547 2244 quidem
562 2169 604 2217 eo
618 2169 697 2217 cum
713 2141 818 2233 domi,

98 2276 176 2345 tuan
188 2276 224 2347 in
241 2271 357 2346 senatu
373 2272 563 2356 recusante,
579 2293 614 2342 et
631 2296 711 2342 eum
727 2269 816 2353 AElio
916 2369 918 2374 Δ

102 2392 191 2466 Cato
201 2396 319 2469 Sentio
330 2397 444 2472 Coss.
457 2391 733 2492 v.Kalend.Jnl.
744 2395 818 2495 post
860 2480 863 2484 ,

99 2517 223 2592 urbem
246 2518 418 2594 conditam
443 2521 539 2592 annia
561 2542 733 2603 uccnva,
757 2519 816 2591 ab·

99 2647 180 2719 hinc
194 2645 289 2719 annis
307 2671 424 2721 xxv1.
439 2644 629 2745 adoptaret.
651 2644 814 2718 laetitiam

98 2773 188 2849 illius
203 2770 288 2861 diei,
303 2769 579 2873 concursumque
593 2770 753 2858 civitatis,
777 2794 813 2846 et

415 2884 480 2965 Co
