1890 3240
64 40 75 107 ⁴
321 117 722 187 ROMANAELm.
744 125 786 189 11.
873 145 932 212 129

87 298 114 336 x
214 240 475 318 transmitteret:
507 233 622 345 neque
642 248 806 322 hercules
833 250 935 351 quid·

211 393 316 466 quam
335 369 487 470 partibus
504 371 569 444 illis
583 370 750 447 salubrius
760 371 844 447 fuit:
861 377 931 462 alii,

86 540 97 555 ·
209 514 248 566 ut
276 495 408 570 bellum
426 497 586 587 traheret,
615 496 710 596 quod
735 496 932 598 dignatione

210 617 360 715 partium
378 619 414 691 in
431 617 504 691 dies
519 620 594 720 ipsas
609 622 715 718 magis
730 622 933 723 prosperum

208 740 325 839 fieret)
336 742 553 846 ususimpetu
565 744 638 830 suo,
648 746 780 821 hostem
790 749 929 828 secutus

208 871 268 944 est.
283 872 395 945 aciem
406 870 646 958 Pharsalicam,
657 894 691 944 et
701 873 801 948 illum
811 902 931 954 cruen·

209 996 369 1071 tiffimum
391 997 555 1069 Romano
576 999 706 1072 nomini
725 998 830 1088 diem,
856 1025 930 1079 tan-

209 1146 355 1226 tumque
370 1123 546 1226 utriusque
564 1128 736 1200 exercitus
753 1125 932 1230 profusum

206 1251 389 1353 sanguinis,
400 1275 434 1327 et
442 1255 566 1329 conlisa
575 1258 664 1331 inter
671 1255 705 1331 se
713 1256 783 1333 duo
794 1260 930 1361 reipub·

204 1379 291 1456 licae
306 1383 432 1483 capita,
448 1383 674 1486 effoffumque
688 1385 837 1460 alterum
855 1387 929 1461 Ro·

205 1508 296 1578 mani
312 1509 445 1606 imperii
459 1509 593 1591 lumen,
603 1529 654 1579 tot
665 1509 818 1606 talesque
830 1508 930 1583 Pom·

204 1635 405 1732 peianarum
429 1632 576 1731 partium
593 1632 707 1704 caesos
726 1633 833 1717 viros,
855 1659 927 1708 non

206 1758 327 1857 recipit
335 1754 523 1831 enarranda
531 1756 587 1828 hic
597 1755 781 1855 scripturae
792 1753 926 1832 modus.

111 1880 114 1884 ’
204 1880 291 1975 illud
302 1872 567 1956 notandum'est:
580 1902 618 1955 ut
628 1880 777 1983 primum
790 1881 831 1954 C.
842 1880 927 1956 Cae·

204 2007 254 2081 sar
269 2009 464 2082 inclinatam
482 2007 568 2082 vidit
581 2007 870 2110 Pompeianorum
888 2038 923 2084 a·

204 2136 305 2224 ciem,
334 2141 451 2236 'neque
480 2137 574 2236 prius
603 2161 719 2237 neque
750 2137 924 2236 antiquius

204 2263 393 2363 quidquam
402 2263 535 2347 habuit,
551 2290 656 2362 quam
664 2264 700 2336 in
711 2285 831 2341 omnes
845 2284 924 2359 par·

203 2411 256 2461 tes
273 2389 426 2484 (militari
443 2409 478 2460 et
497 2387 606 2461 verbo
623 2407 659 2458 et
676 2383 925 2459 consuetudine

204 2504 299 2600 utar)
310 2510 506 2583 dimitteret.
530 2509 686 2610 prohDii
696 2506 922 2582 immortales!

204 2635 299 2739 quod
310 2621 411 2733 hujus
423 2634 608 2709 voluntatis
618 2659 697 2730 erga
709 2632 923 2710 Brutumsu-

206 2791 246 2839 ae
260 2765 374 2868 postea
392 2764 444 2837 vir
461 2782 531 2835 tam
555 2759 648 2845 mitis,
660 2758 810 2859 pretium
825 2760 922 2838 tulit!
