1890 3240
112 166 156 229 '26
301 168 336 231 Η
348 167 364 227 Ι
379 164 399 226 S
414 161 447 223 T
461 160 492 223 0
504 160 533 222 R
547 160 603 224 IA
617 160 644 225 E

111 273 240 350 ordinis
256 272 430 345 hominem
444 271 630 356 inveneris,
644 271 741 367 cujus
755 267 828 346 feli·

88 408 248 481 citatem
267 398 427 471 fortunae
451 396 590 470 Metelli
626 423 824 501 compares:

110 556 188 605 narn
212 546 346 628 praeter
369 511 579 599 excellentes
608 528 824 628 triumphos,

110 630 324 753 honoresque
340 650 567 751 ampliffimos,
585 674 620 725 et
636 655 827 756 principale

108 785 145 859 in
164 782 340 886 republica
365 778 546 881 fastigium,
566 804 832 899 extentumque·

107 912 199 987 vitae
214 912 369 1013 spatium,
385 931 421 984 et
437 938 534 987 acres
555 914 827 1015 innocentesque

104 1068 169 1144 pro
186 1040 360 1142 republica
376 1065 458 1113 cum
475 1042 619 1116 inimicis
636 1046 825 1119 contentio

105 1193 176 1256 nes,
187 1187 337 1264 quatuor
347 1165 437 1238 filios
446 1164 589 1252 sustulit,
602 1194 722 1243 omnes
730 1167 824 1242 adul·

105 1312 160 1365 tae
181 1294 299 1365 aetatis
312 1289 412 1376 vidit,
427 1314 547 1365 omnes
557 1293 696 1394 reliquit
711 1295 824 1397 super·

103 1416 823 1516 stitesethonoratiffimoamortuiejuslec·

103 1569 178 1624 tum
188 1577 251 1650 pro
263 1546 397 1623 Rostris
409 1547 613 1624 sustulerunt
627 1572 775 1651 quatuor
784 1550 824 1624 fi-

101 1677 139 1754 lii
148 1709 157 1771 ;
173 1705 262 1752 unus
279 1676 477 1765 consularis,
489 1698 524 1752 et
534 1664 721 1772 censorium
735 1677 821 1783 alter

102 1805 299 1885 consularis,
311 1808 432 1875 tertius
448 1803 564 1874 consul
567 1820 578 1883 ,⁴
588 1822 731 1897 quartus
745 1825 821 1875 can·

102 1926 241 2000 didatus
254 1924 464 1997 consulatus:
482 1910 587 2023 quem
600 1926 767 1999 honorem
782 1955 820 2001 a·

102 2054 228 2155 deptus
243 2054 302 2127 est.
331 2053 399 2125 hoe
414 2051 463 2124 est
475 2051 637 2126 nimirum
652 2057 757 2153 magis
771 2053 819 2128 fe·

101 2184 213 2257 liciter
238 2180 283 2255 de
308 2180 379 2254 vita
401 2181 560 2279 migrare,
587 2206 691 2279 quam
717 2183 817 2257 mori.

17 2364 19 2369 -
101 2304 272 2404 Universa
290 2307 428 2397 deinde,
443 2329 482 2385 ut
501 2308 745 2411 praediximus,
763 2313 845 2387 in·¹²

100 2440 215 2514 {unua
237 2438 274 2511 in
295 2437 428 2513 bellum
446 2437 595 2527 Achaia,
618 2441 717 2540 cujus
737 2466 817 2543 para

100 2572 235 2667 magna
249 2563 398 2665 ejusdem
423 2565 565 2643 Metelli
593 2567 815 2645 Macedonici

99 2693 228 2768 uirtute
248 2694 416 2796 armisque
434 2693 535 2771 frana
555 2716 642 2781 erat,
664 2694 813 2768 maxime

101 2816 287 2896 corinthiis
300 2824 337 2897 in
355 2849 461 2909 arma,
478 2848 561 2898 cunt
580 2818 740 2920 gravibus
755 2822 815 2897 eti·
