1890 3240
180 134 243 187 120
381 109 735 182 HISTORIAE

177 264 221 312 na
229 261 309 309 cum
318 254 415 336 parte
424 235 551 330 majore
561 230 714 304 Romani
721 232 894 306 exercitus

174 363 349 440 interemit
358 391 367 450 ;
385 358 546 458 reliquias
561 357 737 458 legionum
753 359 795 432 C.
812 358 892 432 Cas-

173 492 259 575 ssus,
277 482 467 560 atrocissimi
487 510 571 556 mox
588 487 704 563 aueiot
718 480 891 571 facinoris,

173 635 246 688 turn
256 613 426 714 quaestor,
435 607 666 716 conservavit3
686 610 892 710 Syriamque

171 738 259 815 adeo
283 741 319 812 in
344 737 384 813 P.
410 719 462 812 RL
486 739 652 839 potestate
673 738 827 822 retinuit,
852 756 892 810 ut

172 865 386 968 transgressos
402 866 439 938 in
456 890 533 938 eam
547 857 705 951 Parthos,
725 857 819 934 selici
836 886 892 935 ren

78 1012 83 1021 '
170 1019 248 1067 rum
263 1013 392 1068 eventu
410 989 546 1092 fugaret
563 1016 603 1064 ac
619 986 792 1066 funderet.
821 986 921 1061 Per⁴⁷

170 1121 258 1195 haee
272 1118 567 1218 insequentiaque,
581 1141 616 1193 et
626 1144 716 1219 quae
727 1113 892 1218 praedixi·

169 1268 247 1315 mus
270 1263 447 1339 tempora,
471 1244 618 1339 amplius
643 1240 892 1340 quadringenta

167 1362 274 1438 millia
284 1363 433 1437 hostium
446 1358 466 1433 ὲ
477 1363 519 1447 C.
531 1363 674 1437 Caesare
689 1363 783 1436 caesa
798 1361 892 1450 sunt,

145 1575 148 1579 ,
167 1491 269 1595 plura
282 1512 397 1595 capta3
410 1512 603 1593 pugnatum
613 1490 712 1592 saepe
723 1489 848 1565 diretia
860 1520 892 1564 a·

166 1621 235 1706 cie,
245 1618 344 1721 saepe
358 1620 395 1693 iu
404 1616 609 1718 agminibus,
626 1615 725 1718 saepe
736 1620 889 1718 eruptio-

166 1746 285 1821 nibus:
302 1745 353 1821 bis
365 1765 543 1848 penetrata
555 1744 733 1819 Britannia
742 1775 751 1836 3
762 1769 890 1826 novem

166 1871 318 1970 denique
328 1874 509 1945 aestatibus
527 1875 586 1945 vix
597 1871 665 1944 ulla
681 1869 890 1971 nonjustissr·

167 2021 244 2070 mus
255 1997 450 2093 triumphus
465 1996 641 2068 emeritus·
672 1999 763 2071 circa
778 1997 888 2072 Alesr·

165 2146 221 2193 am
235 2144 319 2191 vero
334 2137 447 2191 tantae
462 2145 516 2191 res
530 2121 655 2217 gestae,
668 2143 813 2221 quantas
831 2151 889 2196 au·

166 2245 249 2321 dere
259 2246 316 2319 vix
327 2243 491 2335 hominis;
507 2242 687 2344 perficere,
704 2270 794 2345 pene
807 2249 887 2320 nul·

168 2374 248 2458 lius,
259 2371 317 2443 nisr
329 2369 398 2443 Dei
414 2366 530 2460 suerin
559 2368 702 2469 septimo
713 2366 822 2443 serme
832 2399 887 2446 an·

165 2526 213 2575 uo
236 2495 357 2572 Caesar
375 2496 572 2569 morabatur
596 2498 630 2567 in
650 2497 790 2583 Galliis,
803 2521 886 2570 cum

166 2624 397 2721 mediumjam
412 2649 455 2696 ex
469 2619 597 2696 invidia
612 2623 785 2722 potentiae
795 2620 885 2694 tuale

165 2752 379 2827 cohaerentis
394 2754 483 2827 inter
495 2751 560 2826 Cn.
576 2747 779 2851 Pompeium
794 2767 829 2819 et
839 2747 882 2822 C.
