1890 3240
171 112 472 179 ROMANAE
498 136 563 180 tiu.
585 121 626 183 11.
744 128 784 189 81'

69 246 158 324 aqua
172 228 312 327 ignique
327 226 367 298 iis
378 226 565 301 interdixit.
596 249 670 302 tum
682 230 789 319 Sulla,

69 357 265 456 compositis
280 353 505 429 transmarinis
523 356 636 449 rebus,
654 359 794 435 eumad

66 508 162 567 eum,
192 486 342 584 primum
363 487 516 556 omnium
534 486 791 575 Romanorum,

66 607 170 706 legati
181 608 385 683 Parthorum
395 610 574 696 venissent,
586 633 621 683 et
630 614 665 685 in
673 615 712 686 iis
720 615 792 712 qui·

61 730 143 806 dam
163 737 251 835 magi
267 761 312 808 ex
322 737 413 808 notis
429 734 587 835 corporis
602 736 790 836 respondis·

58 860 143 948 sent,
171 864 355 937 coelestem
374 864 449 957 ejus
459 863 564 932 vitam
584 881 620 932 et
636 864 791 936 memori·

68 1017 124 1062 am
134 988 300 1074 futuram,
322 986 680 1075 revedlusinltaliam,
698 988 792 1065 haud

67 1114 167 1215 plura
197 1140 301 1216 quam
329 1138 426 1188 xxx·
445 1136 655 1188 armatorum
683 1116 789 1189 millia

65 1240 247 1316 adversum
258 1242 475 1343 cc.amplius
487 1243 634 1317 hostium
651 1242 793 1345 exposu-

59 1371 87 1442 it
112 1370 296 1446 Brundifii.
333 1372 395 1463 vix
418 1367 608 1468 quidquam
623 1372 658 1441 in
673 1360 791 1443 Sullae

60 1499 227 1596 operibus
239 1498 365 1568 elarius
375 1484 546 1578 duxerim,
567 1520 672 1594 quam
681 1496 791 1594 quod,

61 1614 213 1720 cumper
222 1622 591 1694 trienniumCinnanae
602 1622 794 1698 Marianae·

64 1773 137 1849 que
156 1769 271 1846 partes
288 1745 424 1820 Italiam
442 1741 647 1830 obfiderent,
677 1771 793 1847 neque

65 1874 255 1948 inlaturum
281 1872 315 1947 se
340 1871 472 1945 bellum
496 1872 536 1943 iis
561 1860 789 1971 diffimulavit,

67 2028 133 2076 nec
144 2001 237 2104 quod
249 2023 320 2076 erat
335 2003 371 2075 in
385 1997 542 2073 manibus
552 1999 680 2093 omifit3
710 1990 791 2078 exis·

64 2086 269 2233 timnffiue
296 2148 376 2202 ante
402 2123 628 2226 frangendum
644 2128 788 2218 hostem,

66 2274 173 2353 quam
183 2252 415 2329 ulciscendum
429 2254 565 2349 civemj
585 2251 790 2355 repulsoque

69 2401 216 2453 externo
232 2404 340 2466 metu,
355 2381 417 2453 ubi
432 2376 527 2479 quod
542 2376 692 2452 alienum
710 2381 790 2452 effer

66 2506 211 2591 vicisset,
236 2504 421 2607 superaret,
436 2498 614 2607 quoderat
632 2504 791 2580 domesti⁴

68 2656 162 2706 cum.
190 2628 470 2705 anteadventum
482 2625 525 2697 L.
538 2623 666 2710 Sullae,
679 2625 788 2707 Cinna

70 2753 233 2833 seditione
255 2775 330 2832 orta
347 2751 391 2829 ab
407 2749 562 2828 exercitu
586 2737 793 2835 interemor
