1890 3240
180 106 478 176 uomnttnu
510 126 581 172 ιιι.
602 111 644 171 11.
734 121 775 186 91

57 246 159 299 orum
177 235 315 320 expers,
342 219 401 290 nifi
426 236 669 292 numeraretur
687 216 776 288 inter

57 350 220 434 maxima,
248 346 550 419 incivitatelibera
568 344 776 444 dominoque

56 476 227 577 gentium,
249 469 428 572 indignari,
457 498 538 548 cum
552 498 673 548 omnes
683 473 777 546 cives

48 606 132 702 jure
145 600 407 703 haberetpares‚
427 627 638 711 quemquam
652 626 776 702 aequa·

55 727 516 831 lemdignitateconspicere.
546 728 777 828 hieatogavi·

23 836 26 842 ⁵
55 858 112 931 rili
131 854 291 931 adsuetus
310 855 511 929 commilitio
532 853 775 954 prudentillitui

53 984 154 1061 ducis
182 987 333 1086 parentis
359 982 423 1069 sui,
461 985 591 1059 bonum
611 1004 648 1057 et
669 1009 776 1086 capax

56 1116 147 1187 retu
165 1109 313 1186 discendi
339 1112 517 1212 ingenium
538 1112 698 1215 {iugulari
722 1136 776 1185 re·

56 1266 136 1313 rum
153 1239 541 1343 militarium-prudentia
555 1241 723 1327 excoluit,
738 1260 778 1315 ut

57 1396 79 1441 a
96 1369 248 1443 Sertorio
257 1368 427 1443 Metellus
441 1369 638 1446 laudaretur
655 1372 777 1469 magis,

28 1495 245 1598 ³⁰Pompejus
268 1501 449 1570 timeretur
476 1496 633 1597 validius.
676 1496 717 1567 T
719 1518 780 1567 um
793 1506 803 1601 Ἰ

56 1626 118 1700 Μ.
143 1625 320 1722 Perperna
349 1627 554 1722 praetorius,
583 1620 781 1722 eproscrip·

57 1752 118 1836 tis,
144 1750 257 1850 gentis
280 1748 432 1821 clarioris
449 1773 554 1849 quam
572 1748 685 1838 animi,
702 1746 780 1819 Ser·

60 1882 188 1955 torium
210 1883 299 1953 inter
322 1904 466 1952 coenam
489 1875 633 1952 Etoscae
652 1878 780 1950 intere·

62 2011 137 2095 mit,
173 2007 409 2108 Romanisque
435 2029 565 2082 certam
592 2010 778 2094 vitiorium,

62 2136 217 2234 partibus
245 2117 311 2208 suis
340 2133 527 2220 excidium,
559 2134 617 2208 fibi
641 2130 780 2232 turpissi-

63 2288 155 2335 mam
178 2285 325 2336 mortem
342 2263 480 2363 peffimo
498 2264 683 2336 aucloravit
696 2257 781 2331 faci·

62 2412 160 2463 nore.
190 2387 360 2461 Metellus
382 2410 418 2462 et
436 2389 620 2490 Pompejus
634 2414 680 2463 ex
698 2380 782 2458 His-

66 2516 176 2618 paniis
208 2512 479 2613 triumpharunt:
513 2514 572 2589 sed
597 2513 782 2611 Pompejuu

66 2645 134 2718 hoc
158 2662 300 2743 quoque
318 2639 508 2741 triumpho,
535 2634 649 2710 adhuc
674 2662 782 2737 eques

66 2772 264 2868 Romanus,
283 2767 482 2861 antediem,
507 2792 613 2869 quam
635 2766 800 2843 consulo.

442 2881 484 2914 Μ’
