1890 3240
251 108 551 180 ROMANAE
572 115 651 181 L1n.
673 123 715 186 11.
789 119 857 208 235

135 232 358 336 dignissimus;
370 235 430 334 qui
439 235 856 336 complexuscatenarum,

135 361 262 463 quibus
277 363 408 436 vinetus
419 383 503 448 erat,
514 361 647 449 seriem,
662 365 707 434 ita
723 365 853 439 illasin·

134 486 198 560 lint
212 488 313 588 capiti
323 485 395 573 suo,
412 507 451 560 ut
464 491 620 588 protinus
637 491 764 591 pariter
778 490 851 564 san·

132 614 246 712 guinis
268 614 472 716 cerebrique
492 617 636 691 influvio
657 618 853 721 exspiraret.

92 742 267 818 ¹²¹Eadem
282 765 317 819 et
328 747 436 819 virtus
451 765 485 818 et
500 728 637 819 fortunu
652 746 853 849 subsequen·

133 871 161 944 ti
175 892 330 981 tempore
346 871 487 970 ingressa
502 874 848 971 animumimperato-

130 997 176 1069 ris
193 997 332 1069 Tiberii
347 992 426 1079 fuit,
437 1021 526 1095 quae
536 999 633 1071 initio
643 992 774 1089 fuerat3
789 1001 849 1098 qui

128 1119 294 1195 concuffis
312 1121 458 1194 hostium
476 1120 618 1207 viribus,
634 1119 773 1225 clufficis
789 1150 849 1223 pen

129 1248 606 1351 ditumqueexpeditionibus,
616 1243 694 1323 cuni
705 1276 758 1323 res
768 1251 850 1332 Gal·

125 1377 248 1451 liarum
256 1378 424 1450 maximae
432 1375 771 1473 molis‚accensasque
779 1379 849 1477 ple-

126 1505 177 1578 bis
191 1501 438 1580 Vlennenfium
456 1495 683 1581 diffenfiones,
699 1504 846 1574 coertio·

124 1653 170 1703 ne
187 1627 294 1726 magis
309 1650 412 1726 quam
431 1621 541 1723 poena
557 1623 726 1710 mollisset,
743 1646 778 1698 et
795 1624 845 1700 se·

124 1775 226 1830 natus
236 1751 451 1855 populusque
464 1751 647 1825 Romanus
662 1740 847 1852 (postulan-

125 1906 161 1959 te
176 1906 272 1987 patre
287 1874 375 1981 ejus)
392 1901 429 1955 ut
445 1906 594 1989 aequum
611 1882 643 1954 ei
651 1881 709 1976 jus
725 1885 761 1955 in
776 1910 846 1960 om·

123 2011 226 2085 nibus
243 2009 426 2111 provinciis
449 2006 722 2107 exercitibusque
746 2011 841 2100 effet,

122 2168 229 2242 quam
243 2162 316 2214 erat
333 2139 405 2240 ipfi,
420 2136 560 2212 decreto
574 2141 776 2241 complexus
792 2143 842 2214 es-

123 2268 189 2341 set:
208 2262 351 2357 (etenim
371 2264 553 2339 absurdum
577 2285 660 2353 erat,
681 2289 750 2335 non
776 2267 843 2338 effe

125 2377 187 2465 sub'
202 2394 273 2476 illo,
284 2419 372 2490 quae
388 2391 429 2463 ab
440 2391 499 2461 illo
514 2369 794 2479 vindica'bautum
805 2413 841 2463 et

125 2522 186 2619 qui
197 2519 238 2594 ad
249 2546 352 2618 opem
365 2517 540 2592 ferendam
555 2519 685 2618 primus
701 2539 786 2603 erat,
797 2519 841 2593 ad

123 2648 367 2724 vindicandum
378 2651 543 2722 honorem
556 2645 774 2743 nonjudicari
785 2672 841 2751 pa·

124 2768 214 2868 rem)
234 2777 270 2850 in
292 2768 428 2879 Urbem
450 2774 617 2861 reversus,
634 2773 839 2875 jampridem

433 2888 510 2997 (ἷὲ
