1890 3240
212 144 277 212 150
414 109 766 188 urs‘rorrr-Au
861 133 865 137 ·

206 249 376 354 principe,
391 272 495 349 quam
512 241 573 317 sub
589 263 624 316 te
639 243 821 338 triumviro
837 269 933 322 mor·

208 373 433 453 tem2famam
443 397 530 477 vero
539 369 757 473 gloriamque
765 368 933 450 fastorum

116 557 118 562 -
199 500 314 604 *atque
330 497 496 599 diciorum
516 494 603 571 adeo
616 523 689 606 uon
703 499 878 586 abstulisti,
892 520 934 574 ut

208 610 353 704 auxeris.
380 623 480 713 vivit,
506 627 672 728 vivetque
696 652 761 728 per
776 618 933 703 omnium

208 754 405 832 seculorum·
411 754 622 830 memoriam.
637 750 936 855 dumquehocvel

132 904 134 910 ’
209 872 314 969 forte,
333 882 391 958 vel
414 878 641 983 providentia,
665 879 723 955 vel
740 898 936 981 utcumque

210 1011 435 1085 constitutum
463 1035 581 1084 rerum
615 1028 758 1082 naturae
784 1031 935 1110 corpur,

212 1137 307 1239 quod
322 1137 380 1211 ille
393 1122 485 1236 peue
499 1134 590 1209 solus
606 1122 850 1212 Romauoium
864 1136 937 1210 ani·

210 1287 269 1334 mo
283 1259 381 1343 vidit,
399 1261 540 1356 ingenio
563 1261 768 1358 complexus
785 1263 848 1347 est,
863 1262 939 1335 elo·

96 1455 98 1458 ,
133 1486 136 1491 ⁴
211 1373 353 1487 queutia
372 1360 603 1490 inluminavit,
632 1382 784 1456 manebit
800 1383 941 1458 incolu-

211 1537 282 1598 me,
298 1511 461 1584 comitem
477 1509 555 1583 aevi
572 1507 620 1582 sui
636 1505 776 1583 iaudem
795 1509 941 1583 Cicero·

213 1638 266 1710 nis
276 1638 389 1727 trahet
397 1660 409 1723 ;
423 1631 600 1736 omnisque
610 1634 786 1735 posteritas
800 1633 892 1708 illius
903 1635 941 1708 in

214 1782 250 1835 te
266 1761 388 1864 scripta
403 1762 590 1855 mirabitur,
606 1782 706 1835 tuum
720 1761 756 1835 irr
771 1785 852 1834 eum
867 1756 940 1832 fac·

215 1909 290 1962 tum
309 1889 559 1979 exsecrabiturg
574 1886 743 1986 citiusque
757 1887 795 1960 in
808 1880 940 1961 mundo

215 2036 325 2110 genus
336 2011 529 2111 hominum,
541 2001 802 2110 quam*cadet.
820 2012 941 2110 Hujus

216 2137 321 2210 totius
340 2138 503 2236 temporis
525 2134 701 2238 ¹fortunam
725 2163 791 2210 nec
809 2137 943 2214 deflere

218 2262 358 2367 qqidem
368 2261 547 2364 quisquam
557 2261 633 2335 satis
648 2259 751 2362 digne
766 2265 894 2364 potuit,
910 2295 942 2341 a·

219 2391 286 2467 deo
304 2418 407 2464 nemo
424 2391 616 2492 exprimere
630 2387 746 2464 verbis
760 2390 882 2491 potest.
904 2389 941 2465 id

219 2543 334 2596 tamen
349 2517 538 2596 notandum
553 2519 615 2607 est,
626 2515 723 2593 fuiffe
733 2522 769 2594 iu
778 2518 940 2623 proscrip-

220 2661 272 2720 tos
284 2676 431 2723 uxorum
441 2646 545 2723 fidem
553 2647 940 2741 summam,libertorum

219 2771 379 2871 mediam,
396 2776 575 2854 servorum
599 2778 762 2880 aliquam,
785 2773 939 2852 filiorum
