1890 3240
108 123 171 185 ¹44
294 48 680 167 nrsronmn

104 221 247 326 profeeli
267 223 353 297 urbe
369 237 481 320 'atque
501 219 613 305 Italia,
635 200 768 294 intento
786 247 829 296 ae

104 355 177 453 pari
205 353 328 431 animo,
355 347 423 418 sme
450 347 649 418 audioritate
675 346 824 447 publica,

61 512 63 516 ·
103 480 294 582 provincias
305 471 546 574 exercitusque
556 495 828 574 occupaverant,

104 626 140 678 et
149 604 360 702 ubicumque
375 600 434 703 ipsi
448 599 566 684 ellent,
583 621 826 700 praetexentes

103 719 827 832 ellerempublicam‚pecuniasetiam,quae

103 882 148 929 ex
165 855 392 932 transmarinis
410 857 591 957 provinciis
608 857 761 929 Romam
780 858 825 929 ab

103 985 341 1083 quaestoribus
355 984 637 1085 deportabantur,
649 980 826 1058 ivolenti·

102 1109 389 1213 busaeceperant.
406 1139 496 1212 quae
505 1115 618 1186 omnia
627 1110 827 1188 senatusde-

102 1239 204 1308 cretis
237 1239 502 1336 comprehensa,
536 1262 572 1310 et
602 1243 826 1339 comprobata

100 1360 189 1435 sunt.
218 1382 253 1435 et
270 1361 318 1438 D.
333 1363 457 1456 Bruto,
477 1360 573 1464 quod
587 1363 701 1437 alieno
716 1367 825 1439 bene·

98 1492 179 1568 licio
189 1491 500 1580 viveret,decretus
515 1496 725 1595 triumphus.
740 1494 827 1568 Pan·

101 1619 155 1693 sae
169 1640 275 1720 atque
288 1620 395 1694 Hirtii
407 1646 553 1722 corpora
563 1621 702 1724 publica
718 1619 826 1723 sepul·
849 1661 853 1670 ·

101 1771 177 1822 rura
192 1752 369 1823 honorata.
386 1807 388 1810 >
401 1749 552 1823 Caesaris
568 1747 655 1823 adeo
664 1749 758 1821 nulla
769 1749 824 1821 ha·

101 1875 170 1947 bita
196 1877 338 1958 mentio,
363 1894 401 1946 ut
418 1874 534 1970 legati
551 1876 613 1972 qui
631 1872 674 1947 ad
691 1875 824 1948 exerci-

101 2020 173 2068 tum
192 2000 264 2091 ejus
282 1995 365 2068 miffi
383 2018 494 2082 erant,
507 1998 714 2094 juberentur
733 2000 825 2075 sum·

100 2147 194 2199 moto
210 2151 253 2198 eo
269 2124 393 2197 milites
410 2124 560 2224 adloqui.
591 2125 738 2200 nonfuit
750 2148 823 2202 tam

6 2254 9 2259 ’
100 2260 253 2356 ingratus
268 2255 457 2339 exercitus,
474 2279 579 2354 quam
593 2250 707 2326 fuerat
728 2253 823 2329 sena·

101 2409 176 2479 tus;
192 2413 280 2478 nam,
299 2412 379 2458 cum
400 2410 476 2459 eam
496 2386 654 2481 injuriam
669 2382 820 2460 dillrm'u·

100 2518 203 2592 lando
221 2514 341 2593 Caesar
361 2514 478 2605 ferret,
495 2541 666 2616 negavere
682 2517 821 2600 milites,

102 2644 169 2714 fine
192 2649 400 2746 imperatore
425 2645 484 2721 suo
508 2646 577 2719 ulla
593 2642 626 2718 se
643 2642 820 2719 audituros

100 2767 269 2844 mandata.
284 2774 355 2846 hoc
370 2773 418 2847 est
428 2768 514 2848 illud
523 2790 670 2872 tempus,
681 2791 752 2869 quo
763 2765 819 2840 Ci-

544 3052 549 3083 l
